3268 4988
818 368 1014 432 ..48-

386 555 554 636 magistros
575 555 769 638 conveniret,
793 550 1019 625 non'habulsse
1041 577 1157 644 eosque
1176 562 1447 644 exemplumque

379 665 457 749 quis
478 665 586 748 vellet,
606 667 808 749 proposuisse
829 667 932 752 (velut
949 669 1099 752 Gorgiam
1113 670 1277 752 minorem,
1292 665 1449 739 Ciceronis

384 774 441 841 filii
462 777 674 860 magistrum),
695 779 970 860 grammaticorum
991 784 1099 847 autem
1120 795 1228 847 curam
1254 781 1288 846 in
1316 800 1354 848 eo
1381 799 1450 848 esse

377 890 555 968 uersatam,
579 891 616 954 ut
636 885 804 954 dictionem
830 887 897 954 sive
924 888 1133 956 elocutionem
1160 891 1354 974 singrdorum
1383 909 1450 959 ora·
1587 947 1588 962 ,

386 1001 490 1063 torum
509 997 593 1063 inter
615 1013 650 1063 se
672 1003 799 1064 etcum
820 997 952 1064 aliorum
974 1000 1164 1083 scriptorum
1186 1000 1363 1069 elocutione
1379 1021 1447 1069 cou-

377 1106 566 1173 -tenuerenc
620 1107 736 1174 Postea
761 1113 881 1174 autem·
904 1107 976 1191 ,qui
1007 1110 1221 1192 grammaticis
1254 1111 1313 1178 visi
1344 1118 1451 1178 essent

387 1221 499 1283 notatu
534 1215 724 1299 dignissimi,
768 1215 813 1284 eis
846 1236 910 1284 non
948 1220 1087 1300 potuisse
1126 1239 1188 1287 non
1223 1219 1349 1287 deferre
1380 1222 1450 1304 -pal-

386 1343 469 1392 mam
503 1326 677 1393 rhetores.‘⁴
721 1322 813 1394 Rem'
835 1327 930 1394 aliter
960 1347 996 1396 se
1027 1324 1145 1396 habere
1173 1329 1265 1397 facile
1294 1330 1451 1413 intellegi·

386 1451 465 1504 mus.
509 1435 590 1502 Nom
612 1455 683 1504 cum
705 1435 746 1502 de
767 1437 945 1505 oratoribus
965 1439 1040 1505 solis
1066 1445 1190 1521 agatur,
1220 1437 1451 1523 respiciendum

378 1553 446 1628 eet,
468 1547 572 1614 utrius
592 1547 694 1628 magis
714 1546 897 1614 interfuerit
906 1549 992 1615 iusta
1002 1547 1043 1614 de
1062 1549 1240 1616 oratoribus
1253 1550 1371 1617 iudicia
1385 1551 1451 1616 fieri

375 1655 419 1724 -ct
429 1655 607 1740 propagari,
618 1656 756 1724 rhetoris
766 1673 808 1724 an
819 1659 1030 1740 grammaton
1051 1655 1392 1740 grammaticosautem
1405 1661 1451 1726 ln-

384 1766 494 1850 ·pn'mis
506 1767 539 1833 in
549 1771 715 1851 poetarum
731 1769 930 1835 enarratione
945 1775 1088 1836 versatos
1103 1787 1175 1836 esee
1188 1769 1338 1851 vidimue;
1359 1787 1451 1854 quem

379 1879 494 1943 cutem
516 1877 617 1959 magis
637 1875 745 1944 decuit
764 1877 805 1943 de
819 1884 980 1945 oratorum
992 1879 1190 1961 praestantia
1200 1877 1339 1946 iudicare
1355 1897 1450 1964 qoam

386 2005 449 2067 eos,
461 1987 513 2070 qui
525 1987 671 2054 rhetores
691 2005 726 2054 se
745 1987 940 2055 conformare
963 1987 1216 2072 profitebantur?
1237 1987 1344 2056 Facile
1363 1996 1451 2073 pote·

376 2103 459 2165 ‚rent
480 2097 678 2180 grammatici
698 2093 827 2163 normae
848 2093 1013 2165 cuidom‘a
1030 2098 1210 2166 rhetoribus
1230 2098 1310 2166 fixae
1325 2097 1366 2166 dc
1380 2119 1450 2166 ora-

373 2207 505 2276 toribus
525 2213 637 2290 postea
667 2209 841 2274 amendre:
875 2208 1029 2291 quomodo
1060 2207 1228 2291 rhetores,
1247 2211 1302 2292 qui
1332 2209 1450 2293 aliquid

377 2315 469 2382 :alind
491 2322 656 2385 sectantur
676 2324 710 2388 et
724 2323 888 2402 appetunt,
905 2319 1011 2402 quiad
1023 2315 1206 2386 elocutionis
1217 2321 1449 2402 praestantiam

385 2433 419 2494 et
453 2433 555 2493 artem
588 2427 720 2509 dicendi,
755 2429 817 2496 vim
852 2430 1106 2512 gravitmemque
1138 2445 1304 2495 censuram
1320 2457 1323 2462 ¹
1340 2434 1451 2512 agunt,

384 2536 599 2618 grammaticis
620 2539 721 2619 magis
740 2533 841 2606 doctis
861 2557 955 2622 quam
977 2538 1132 2606 advitam
1153 2538 1310 2622 publicam
1327 2539 1449 2606 idoneis

384 2648 500 2730 quique
521 2649 682 2714 oratorum
704 2665 811 2731 opera,
833 2649 860 2715 si
889 2648 1079 2729 tractabant,
1110 2650 1156 2715 ita
1186 2653 1376 2732 occurent,
1415 2655 1451 2716 ut

383 2758 483 2824 nostri
513 2756 698 2842 ,philologi‘
728 2760 900 2840 scriptores
929 2760 1191 2841 interpretantur,
1223 2775 1258 2824 se
1290 2758 1450 2840 apphcare

373 2867 555 2949 potuerint,
577 2886 639 2934 non
660 2865 751 2935 facile
772 2863 976 2949 intellegitur.
1020 2869 1107 2947 Quae
1129 2886 1200 2934 cum
1220 2868 1268 2934 ita
1293 2869 1366 2949 sint,
1396 2869 1449 2934 vix

374 2976 603 3057 dubitaverim,
616 2978 884 3061 quinrhetores
897 2974 1192 3044 excellentissimum
1205 2983 1449 3060 quemquearte

376 3087 543 3155 rhetorica
565 3087 730 3170 elegerint,
752 3086 792 3153 de
813 3107 874 3171 quo
895 3088 1039 3170 discipuli
1067 3087 1248 3170 exemplum
1275 3093 1449 3154 sumerent

383 3197 470 3264 Nero
513 3196 632 3264 dixerit
679 3199 843 3282 quisquam
892 3198 1007 3265 multos
1052 3217 1115 3265 una
1157 3197 1298 3264 homines
1343 3215 1450 3277 gram

383 3307 498 3374 metica
531 3308 672 3374 excultos
702 3309 890 3390 eosdemque
918 3308 1064 3374 rhetores
1091 3307 1206 3388 luisse3
1234 3324 1336 3389 neque
1364 3307 1449 3372 enim

382 3422 551 3499 antequam
581 3417 778 3499 eloquentiae
804 3417 909 3484 studia
943 3417 1043 3484 Rhodl
1064 3417 1249 3497 floruerunt,
1282 3417 1449 3499 utriusque

381 3528 508 3609 generis
539 3527 705 3595 scientiam
740 3528 772 3593 in
812 3545 874 3593 uno
911 3527 1036 3595 homine
1079 3527 1176 3593 fuisse
1218 3525 1449 3592 demonstrarit

382 3635 520 3722 Maras).
562 3637 657 3704 Initia
679 3643 786 3704 autem
809 3637 935 3704 canonis
955 3644 1115 3704 oratorum
1137 3635 1178 3702 ad
1199 3636 1336 3718 priorem
1358 3641 1448 3702 aeta·

374 3753 446 3813 tem
469 3745 645 3816 revocanda
665 3753 754 3829 sunt,
773 3748 914 3830 quamvis
934 3753 1047 3830 postea
1067 3747 1109 3812 sit
1129 3745 1327 3828 compositus.

379 3939 382 3948 1
463 3855 623 3924 (lenonem
644 3858 753 3924 decem
774 3864 977 3924 oratoruma
1005 3857 1135 3922 rhetore
1159 3853 1294 3940 quodam
1322 3873 1446 3938 compc-

381 3967 478 4033 situm
499 3985 569 4034 esse
591 3973 688 4050 negat
708 3967 946 4051 Ballheimer2),
968 3985 1038 4047 cum
1068 3965 1169 4048 dicat:
1212 3964 1341 4050 ,Neque
1370 3982 1446 4033 vero

454 4213 482 4281 1)
501 4210 723 4282 Berlin-philol.
742 4209 943 4268 Wocheuschr.
962 4212 996 4279 X,
1018 4210 1095 4266 1007.

453 4312 482 4380 2)
501 4311 545 4365 De
557 4309 647 4366 chori
664 4309 733 4367 vitis
753 4310 849 4366 decem
867 4311 1016 4379 oratorum,
1036 4310 1150 4365 nonnae
1170 4307 1238 4364 1877
1267 4325 1293 4380 p.
1317 4307 1353 4363 33
1379 4309 1442 4366 adn
