3268 4988
768 1259 810 1330 11.

259 1450 488 1529 Usenerum
513 1451 653 1528 minus
686 1452 801 1530 recte
827 1451 1049 1546 iudicasse,
1083 1473 1178 1530 oum
1209 1453 1324 1574 dieat

261 1577 429 1654 omnino
455 1575 548 1655 fieri
580 1576 764 1674 nequire,
795 1578 845 1655 ut
870 1575 1152 1672 Quintilianus
1179 1600 1206 1655 a
1230 1578 1322 1655 Dio·

616 1702 736 1799 nysio
762 1702 956 1800 pendeat.

239 1937 242 1942 ·
277 1885 279 1892 Α
341 1905 466 1971 Usener
485 1905 576 1984 libro,
608 1922 701 1987 quem
722 1905 786 1971 iam
804 1905 929 1988 saepius
950 1904 1190 1972 memoravimus
1200 1904 1236 1986 ¹),
1259 1905 1323 1988 epi-

258 2014 364 2096 logum
385 2013 506 2080 addidit
527 2017 571 2099 (p.
588 2034 618 2098 p.
637 2017 729 2081 110-·Ι
741 2015 827 2096 142),
850 2033 911 2098 quo
927 2014 1153 2093 Quintilianum
1174 2013 1206 2078 in
1225 2014 1323 2096 scrip·

261 2123 380 2190 toribus
408 2109 539 2190 Graecis
564 2123 784 2191 enumerandis
812 2125 898 2204 (inst.
924 2130 1003 2191 orat.
1026 2123 1066 2205 Χ,
1090 2128 1118 2202 1,
1139 2124 1277 2202 46-84)
1304 2141 1324 2188 a

261 2233 407 2317 Dionysio
428 2235 708 2315 Halicamassensi,
743 2233 797 2318 qui
831 2234 863 2300 in
899 2232 1035 2300 secundo
1071 2232 1111 2299 de
1146 2232 1323 2299 imitatione

260 2343 339 2410 libro
354 2380 394 2391 —
410 2344 498 2410 ouius
520 2342 645 2427 quidem
668 2343 804 2426 epitome
825 2345 926 2410 solum
948 2342 1067 2423 subest,
1089 2343 1249 2425 cumipse
1270 2361 1324 2424 pe·
1354 2423 1356 2427 ι

208 2484 210 2490 ·
259 2452 349 2522 rierit
370 2453 509 2536 (Usener
527 2454 547 2519 l.
570 2472 597 2520 o.
619 2473 649 2536 p.
675 2454 809 2538 17-30)
831 2489 868 2502 -
891 2452 931 2519 de
952 2452 1063 2519 eadem
1084 2471 1120 2518 re
1143 2453 1217 2534 egit,
1248 2470 1324 2534 pen-

261 2561 337 2628 dere
359 2561 539 2645 praefracte
560 2569 672 2646 negat3
694 2563 854 2631 ciceronis
869 2563 952 2629 enim
973 2563 1006 2627 in
1020 2561 1190 2629 Hortensio
1204 2562 1326 2643 pariter

261 2691 298 2738 ac
312 2672 453 2756 Dionysii
469 2673 714 2756 Quintilianique
729 2691 925 2740 communem
947 2671 1067 2738 iontem
1089 2689 1159 2738 esse
1174 2687 1324 2737 canonem

261 2781 557 2850 Alexandrinorum.
598 2781 696 2860 ,Quod
723 2801 793 2848 oum
820 2781 889 2848 fieri
919 2799 980 2848 non
1008 2798 1099 2863 posse
1122 2799 1164 2846 ex
1186 2779 1232 2846 eis
1252 2797 1324 2862 per-

236 2891 339 2974 ·spioi
371 2892 480 2974 possit,
513 2910 593 2974 quae
625 2891 664 2957 de
698 2910 816 2958 canone
839 2890 1054 2957 Alexandrino
1086 2889 1325 2972 disputavimus,

261 3006 372 3084 restat,
394 3008 432 3068 ut
452 3020 563 3068 causas
584 3001 822 3084 perlustremus,
844 2999 1018 3083 quibusda
1040 3000 1143 3066 causis
1165 2997 1326 3066 Usenerus

261 3111 388 3177 omnino
408 3110 477 3177 fieri
497 3111 629 3195 nequire
650 3110 831 3191 contendat,
852 3116 888 3176 ut
904 3108 1117 3189 Quintilianus
1138 3126 1157 3174 a
1180 3108 1326 3191 Dionysio

261 3221 408 3303 pendeat.

344 3331 379 3397 In
412 3331 593 3397 universum
615 3330 739 3396 Usener
769 3327 936 3397 acerrime
952 3329 1118 3410 impugnat
1146 3327 1326 3408 clausseno

263 3441 316 3524 qui
347 3441 380 3506 in
401 3440 598 3506 Fleckeiseni
629 3439 793 3506 annalibus
802 3440 829 3524 ²)
863 3438 986 3521 singula
1015 3437 1198 3517 Quintiliani
1230 3435 1328 3502 verba

263 3569 333 3617 cum
355 3549 485 3632 singulis
506 3550 637 3633 Dionysi
658 3567 842 3632 comparans
864 3565 956 3630 quam
988 3547 1091 3614 minus
1117 3546 1228 3613 horum
1255 3545 1328 3612 rhe-

263 3668 368 3729 torum
400 3661 442 3727 sit
474 3679 643 3728 consensus
675 3660 913 3726 demonstravit.
963 3658 1032 3738 Qua
1065 3657 1104 3723 de
1138 3677 1174 3725 re
1205 3656 1328 3723 Usener

263 3770 341 3837 haee
362 3770 459 3837 habet
480 3771 514 3852 (l.
536 3789 562 3838 o.
584 3790 615 3853 p.
640 3774 700 3837 114
719 3770 827 3853 adn.):
849 3768 1062 3854 „Paucissima
1082 3772 1158 3834 sunt
1178 3766 1328 3850 Dionysii,

336 3982 364 4053 1)
383 3979 504 4052 Dionysi
522 3977 666 4037 Halloarn.
683 3979 780 4036 libror.
802 3980 838 4034 de
858 3977 959 4035 imitat.
978 3975 1123 4047 reliquiae,
1143 3975 1187 4032 ed
1207 3974 1240 4030 H.
1259 3973 1329 4031 Use-

264 4095 321 4150 ner,
340 4081 455 4136 Bouuae
475 4078 554 4135 1889.

335 4180 364 4249 t)
382 4177 550 4234 Fleckeisen
577 4177 673 4247 Suppl.
692 4177 732 4235 VI
760 4193 787 4247 p.
806 4176 964 4246 adaequo.
994 4173 1197 4240 „Quaestiones
1217 4171 1327 4238 Quinti-

265 4275 374 4334 lianeae
392 4279 427 4334 ll.
