3268 4988
768 359 972 426 -30..

421 550 458 616 ln
493 548 664 632 primordio
698 549 831 632 legimus
866 550 1006 630 Homeri,
1040 549 1178 624 Hesiodi,
1213 548 1401 628 ardmachi,

334 658 521 742 Pauyaaidis
545 659 655 728 laudes
684 660 795 743 (instit.
824 666 905 728 orat
933 660 972 739 Χ,
996 665 1024 740 1,
1052 659 1199 744 46-54),
1230 658 1400 728 eorundem

335 774 481 854 quamor,
502 788 581 853 quoe
601 769 769 852 Dionysius
790 775 919 838 haema
968 771 1048 838 Tum
1076 769 1166 836 addit
1193 769 1402 850 Quintilianus

337 879 544 962 Apollonium,
576 882 719 961 Aratum,
752 879 963 948 Theocritum.
1006 879 1075 948 Illis
1095 885 1231 963 quatuor
1250 884 1402 948 accurate

336 989 451 1057 iudicia
473 989 597 1057 adiecta
617 995 701 1071 aunt,
722 989 772 1057 hie
792 989 895 1057 tribus
905 995 957 1058 sat
968 991 1093 1073 exigua.
1137 990 1218 1056 Tum
1232 990 1402 1072 maequun·

337 1107 392 1168 tur
417 1106 585 1183 poetarum
612 1101 772 1183 epicorum
796 1100 923 1167 nomina
950 1101 1023 1182 ipsa
1054 1101 1123 1166 eine
1152 1098 1274 1168 indiciis
1304 1099 1402 1166 alaim

335 1209 499 1293 repetitis:
522 1209 676 1290 Pisandri,
693 1209 857 1304 Nicandri,
880 1210 1089 1292 Euphorionis
1102 1209 1300 1293 -Tyrtaeir
1319 1210 1402 1296 'mira

338 1339 417 1388 sane
438 1320 629 1405 compositio,
653 1338 747 1403 quam
768 1321 819 1387 hic
840 1319 973 1404 legimus
993 1321 1025 1405 (Q
1046 1321 1193 1404 54-5'1.).

422 1429 587 1498 Neminem
615 1436 805 1512 negaturum
833 1449 903 1497 esse
931 1429 1051 1498 confido
1077 1431 1137 1498 hac
1166 1431 1402 1498 enumeratione

303 1523 307 1532 ’
335 1547 404 1608 tres
425 1541 551 1608 ordines
573 1559 644 1622 esse
665 1539 914 1622 distinguendos,
933 1558 1065 1624 quorum
1088 1540 1208 1623 primus
1234 1540 1344 1623 incipit
1361 1541 1403 1610 ab

338 1650 486 1732 Homero,
519 1650 606 1720 alter,
634 1650 674 1718 ab
708 1650 880 1733 Apollonio,
909 1651 1025 1718 tertius
1055 1650 1104 1718 his
1135 1650 1239 1718 verbis
1270 1653 1302 1733 (ς
1329 1653 1401 1732 56);

337 1761 476 1845 „Audire
497 1760 605 1828 videor
633 1759 770 1843 undique
801 1764 1009 1841 congerentes
1040 1760 1164 1827 nomine
1196 1760 1402 1843 plurimorum

336 1870 533 1953 poetarum.“

420 1980 587 2048 Morawslri
608 1981 643 2064 (l.
666 1979 704 2062 l.)
725 1980 884 2062 epicorum
905 1986 1071 2062 poetarum
1091 1979 1252 2048 delectum
1272 1979 1402 2046 induas

337 2092 439 2158 solum
467 2095 576 2172 partes
601 2088 830 2157 secernendum
863 2108 934 2158 esse
964 2091 1099 2173 putavit,
1131 2108 1265 2174 quarum
1297 2090 1402 2158 altera

334 2202 408 2269 illos
428 2202 550 2283 priorar
572 2207 717 2283 quatuor,
740 2200 843 2266 altera
865 2204 989 2268 ceteros
1009 2201 1290 2283 complecteretur:
1320 2201 1401 2270 alte-

337 2329 407 2376 rem
429 2329 446 2375 e
470 2309 617 2394 Dionysio
639 2314 815 2376 mutuatam
838 2328 917 2390 esse,
938 2310 1072 2378 alteram
1088 2329 1187 2392 exeo,
1201 2311 1283 2394 quod
1300 2310 1403 2393 poetis

336 2421 486 2487 Romanis
507 2420 675 2487 imitationi
697 2419 841 2500 luissent,
862 2418 1082 2502 peruulgatam
1104 2419 1208 2488 luisse.
1252 2420 1316 2488 Sed
1330 2440 1402 2488 con·

336 2530 555 2598 tradicendum
578 2534 629 2596 est
650 2529 846 2611 Apollonium
870 2536 904 2596 et
925 2530 1059 2596 Arctum
1080 2548 1140 2598 non
1161 2531 1208 2597 ita
1236 2531 1401 2612 nominari,

338 2648 375 2707 ut
397 2659 467 2706 cum
489 2641 544 2720 eis,
576 2658 658 2723 quae
679 2645 775 2706 autea
805 2639 839 2705 in
870 2639 1017 2706 iudicium
1049 2647 1212 2722 uenerant,
1244 2641 1402 2709 artissime

339 2749 510 2817 cohaerere
531 2749 715 2830 videantnr3
738 2767 811 2815 nam
832 2767 904 2818 enm
924 2748 1026 2818 dicet:
1050 2749 1252 2834 ,Apollonius
1273 2750 1306 2818 in
1320 2751 1403 2817 ordi·

336 2879 411 2927 nem
432 2878 452 2925 a
473 2859 690 2942 grammaticis
711 2858 820 2954 datum
842 2877 904 2926 non
925 2859 1031 2926 venit“
1054 2860 1189 2942 perspici
1210 2866 1317 2942 potest
1344 2859 1402 2928 hoc

341 2973 408 3037 loco
429 2969 607 3052 significari,
629 2988 707 3053 quos
729 2975 804 3036 ente
826 2969 908 3036 hunc
936 2973 1137 3050 nominasset,
1156 2971 1249 3038 huius
1275 2971 1403 3038 canonis

338 3080 479 3147 membra
500 3079 607 3146 haime.
649 3080 739 3146 Alius
764 3078 927 3146 cuiusdam
954 3080 1051 3146 fontis
1083 3079 1179 3146 verba
1211 3080 1269 3146 hoc
1300 3079 1402 3147 altero

338 3192 415 3272 loco,
440 3191 494 3273 qui
515 3197 565 3257 est
590 3189 630 3256 de
652 3192 766 3271 *Arato
800 3189 979 3271 Theocrito,
1012 3191 1200 3273 Apollonio,
1218 3191 1399 3258 exscribere

339 3301 564 3380 Quintilianum
585 3305 729 3382 apparet,
750 3300 778 3366 si
798 3300 941 3381 legimus,
953 3319 1035 3383 quoe
1048 3300 1089 3368 de
1099 3301 1266 3368 Theocrito
1284 3302 1402 3368 iudicat

338 3412 372 3494 (ξ
393 3412 463 3493 hol:
486 3408 706 3494 ,Admirabilis
727 3409 759 3476 in
781 3429 837 3476 suo
858 3429 976 3492 genere
997 3411 1193 3490 Theocritus,
1225 3411 1283 3478 sed
1313 3431 1402 3478 muse
1438 3489 1450 3506 ι

337 3521 393 3586 illc
412 3521 532 3588 rustica
553 3528 586 3587 et
604 3519 772 3602 pastoralis
799 3539 861 3586 non
890 3521 992 3588 forum
1025 3521 1125 3602 modo,
1157 3541 1268 3590 rerum
1299 3523 1401 3604 ipsam

334 3631 448 3697 urbem
470 3629 685 3710 relormidnt“

419 3741 520 3806 Recte
541 3758 611 3806 cum
633 3740 800 3807 Morawski
821 3745 965 3808 moneret
986 3741 1019 3823 (l.
1041 3740 1076 3823 l.)
1099 3741 1326 3821 Quintilianum
1348 3761 1402 3810 eos

336 3850 517 3920 collaudare
538 3854 691 3932 poetas1),
710 3868 788 3933 quos
799 3857 913 3932 poetae
928 3851 1059 3916 Romani
1080 3851 1193 3918 imitati
1216 3857 1319 3931 erent,
1335 3853 1402 3919 reri

337 3960 528 4028 simillimum
548 3965 599 4026 est
611 3959 846 4041 Quintilianum,
860 3960 966 4042 siipse
978 3959 1157 4041 iudicasset,
1172 3961 1213 4030 de
1224 3962 1400 4044 Theocrito,

410 4202 438 4271 1)
459 4200 561 4258 (lonlei
579 4217 652 4272 quae
666 4203 702 4257 de
720 4203 861 4260 Nicandro
880 4204 987 4259 iudicat
1006 4206 1037 4276 (l.
1056 4206 1074 4262 l.
1097 4211 1111 4270 ξ
1132 4205 1194 4274 56)r
1215 4206 1400 4272 ,Nicandrum

337 4299 444 4358 frustra
462 4301 552 4359 secuti
572 4302 663 4357 llocer
682 4304 711 4357 et
729 4302 907 4372 Vergiliur?“
