3268 4988
651 375 855 438 ...41-

222 561 409 628 Arohiloolro
429 561 485 631 lati
510 579 530 627 a
558 562 677 630 satirae
701 560 906 643 scriptoribus
937 562 1157 644 peruulgatam
1188 562 1287 630 trdssc
1415 582 1420 594 ·

92 751 94 756 ,
220 675 325 754 putet,
340 669 427 754 ‚qood
447 689 507 754 ego
527 670 653 753 quidem
674 670 722 738 its
742 689 805 738 non
825 670 1016 754 negaverim,
1031 672 1181 739 utcousis
1196 671 1287 740 modo

221 779 327 850 allatis
347 779 462 848 ductus
483 780 710 859 Quintilianum
728 781 831 862 ipsum
854 799 893 848 cx
919 782 1129 862 grammatica
1151 782 1289 866 quedam

221 906 302 972 qnae
322 889 399 958 dicit
419 889 564 959 hausisse
584 895 721 960 teneam.
1275 909 1277 914 ·

304 999 352 1068 Ne
363 999 403 1068 de
414 999 631 1082 lyricorum
641 998 777 1083 quidem,
789 1000 843 1083 qui
857 1001 985 1082 propiis
996 993 1287 1081 dicuutur‚‘iudioiis

221 1110 399 1176 accuratius
425 1109 589 1191 drocone
609 1109 642 1178 iu
662 1109 768 1180 animo
788 1115 847 1178 est.
894 1109 1012 1178 Ordine
1040 1112 1203 1192 paululum
1229 1111 1287 1178 im·

221 1225 353 1301 mutato,
375 1237 439 1303 qua
469 1237 506 1286 re
540 1219 627 1288 nulla
656 1236 760 1301 poene
791 1218 946 1286 discordia
977 1220 1088 1302 oritur,
1120 1220 1287 1304 (claussen

221 1349 251 1412 p.
274 1331 350 1412 edo)
371 1330 502 1412 singulis
521 1330 624 1412 poetis
646 1329 776 1398 eaedem
799 1348 880 1413 quae
902 1347 923 1397 a
942 1331 1090 1414 Dionysio
1105 1331 1288 1400 tribuuntur

221 1441 365 1510 virtutes.
410 1443 453 1506 Ae
474 1439 514 1514 do
526 1439 698 1508 Pindaro
719 1439 845 1524 quidem
867 1439 1016 1508 iudicium
1037 1440 1070 1506 in
1092 1441 1228 1524 epitoma
1244 1460 1287 1508 ex

221 1549 371 1634 Dionysio
406 1556 556 1632 excerpts
592 1564 686 1632 quam
718 1549 903 1620 brevissimo
935 1555 1131 1618 contractum
1163 1558 1223 1630 cst,
1254 1551 1287 1618 'nr

222 1678 349 1730 summa
369 1665 476 1729 autem
503 1677 540 1726 re
569 1658 684 1728 Fabius
716 1666 750 1726 et
776 1659 1063 1728 Hadramassensis
1089 1659 1288 1728 verbotenus

223 1777 416 1851 conseruent:
439 1769 479 1838 id
506 1776 556 1838 est
582 1769 620 1836 iu'
642 1770 872 1839 sententiarum
898 1769 1132 1852 figurarumque
1160 1769 1287 1852 divitiis,

222 1898 330 1947 rerum
344 1879 572 1963 verborumque
584 1879 682 1960 copia,
695 1878 892 1961 eloquentiae
905 1878 1034 1948 flumine
1053 1879 1288 1962 praedicandis:

221 1989 280 2062 hoo
291 1989 440 2058 iudicium
450 1989 603 2072 originem
614 1987 803 2056 rhetoricam
814 2005 893 2071 pros
910 2005 946 2056 se
959 1987 1031 2056 fert
1058 1989 1288 2057 Stesichori
1354 2003 1356 2012 “

221 2117 336 2181 graves
358 2115 504 2171 camenae
526 2096 637 2174 laudnt
656 2098 808 2166 Horatius
829 2098 939 2182 (carm.
962 2098 1057 2180 1V,a,
1069 2098 1120 2183 9);
1141 2100 1289 2182 pulcher-

220 2209 336 2281 dmum
361 2208 468 2286 illud:
508 2207 743 2293 „Stesichorum
786 2208 865 2291 opici
899 2207 1048 2276 mininis
1087 2227 1186 2278 onera
1219 2210 1288 2294 lyra

221 2319 430 2390 sustinuisss“
452 2317 536 2386 unde
566 2318 698 2388 fluxerit
725 2318 830 2386 dicare
857 2335 920 2386 non
947 2336 1085 2401 possum
1132 2319 1222 2399 Quod
1248 2319 1288 2388 de

221 2429 377 2498 Alcaeo
397 2428 522 2510 dicitur,
545 2446 586 2495 ex
606 2428 703 2496 variis
723 2428 868 2496 frustulis
888 2427 1091 2512 compilatum
1118 2435 1186 2514 est;
1214 2445 1288 2498 nanu

221 2557 302 2623 quae
323 2538 363 2604 de
377 2545 456 2605 ¹orte
477 2537 601 2605 dicendi
623 2544 657 2604 et
678 2537 832 2606 facultate
861 2540 1000 2607 oratoria
1029 2540 1187 2621 dicuutur,
1217 2557 1288 2608 curn

222 2648 373 2731 Dionysio
393 2655 579 2730 congruunt,
593 2647 708 2716 deiude
719 2647 885 2716 Horatium
895 2650 1091 2732 perstringit,
1110 2667 1181 2718 curu
1192 2649 1289 2716 verba

222 2759 332 2844 (cauo.
365 2757 405 2838 ll,
439 2761 487 2839 13,
519 2759 574 2840 26)
605 2757 724 2839 tangite

390 2871 450 2951 ,st
471 2873 511 2934 te
531 2873 735 2934 sonantem
756 2867 916 2951 plenius
936 2887 1076 2936 aureo„

316 3035 318 3040 .
389 2975 740 3059 Alcaeepleotrm
763 2983 833 3058 θοι,

305 3087 347 3160 ad
368 3093 562 3169 postremum
584 3086 724 3170 confugit
745 3086 784 3154 ad
798 3087 956 3155 uiecrorus
968 3087 1197 3170 disputationes
1210 3089 1289 3156 Tus

223 3197 361 3275 cunnos,
382 3196 436 3264 ubi
462 3197 530 3279 (lV,
551 3197 602 3264 33.
625 3198 680 3282 71)
707 3197 789 3266 hacc
815 3197 947 3266 climaco
978 3215 1041 3266 non
1071 3199 1139 3266 sinc
1171 3199 1289 3282 ingenii

209 3296 290 3376 'ocio
311 3306 429 3375 dictem
448 3307 632 3388 invenimus,
661 3307 822 3388 Alcaeum,
851 3308 1062 3390 Anacreonte,
1089 3307 1289 3393 Ibycumds

223 3435 394 3500 puerorum
416 3434 523 3490 amore
541 3416 715 3498 scripsisse.
751 3416 841 3496 Quod
861 3417 944 3486 unde
965 3417 1237 3501 Cicerohcmarit
1255 3419 1290 3486 in

223 3525 355 3600 obscuro
367 3532 431 3607 cst3
455 3525 565 3594 eadem
586 3526 654 3594 fers
680 3525 851 3596 medentur
877 3526 1086 3600 asoioliaata
1106 3527 1148 3599 ad
1168 3527 1289 3598 Aristo·

105 3663 111 3672 ·
223 3637 336 3720 phanis
364 3636 703 3718 Thesmophoriazusos
732 3638 773 3720 (v.
803 3639 886 3719 161).

306 3745 535 3819 Simonides
558 3747 598 3816 eb
619 3752 755 3832 auoque
785 3747 893 3816 codem
913 3747 1108 3818 feretmodo
1139 3746 1291 3821 leudetm

224 3855 508 3940 naquoqmmruam
523 3856 732 3936 Quintilianus
747 3856 889 3941 praebet
904 3857 987 3941 omo
1001 3876 1065 3926 non
1078 3876 1122 3924 ex
1141 3857 1290 3942 Dionysio

224 3983 432 4049 promanasse
450 3965 561 4058 possit.

307 4074 452 4144 Poesis
468 4075 1290 4161 soconiooeprinciposdoindcrQundmnoool-

225 4185 405 4269 laudandum
421 4185 733 4268 soprimumquidcm
744 4187 938 4271 antiquae
949 4187 1190 4270 comoediam
1203 4192 1290 4270 ‘quos

225 4302 335 4377 poetae
356 4298 384 4363 si
405 4296 531 4380 quidem
555 4295 721 4379 Dionysius
741 4298 859 4380 attigit,
879 4298 982 4366 obiter
1009 4315 1086 4365 eum
1113 4298 1225 4365 meuse
1252 4316 1291 4364 ex
