3268 4988
675 461 880 526 -1p..

244 648 433 718 Pisandrum
456 649 558 716 eidem
580 667 711 716 numero
732 651 904 733 asomptum
925 649 1021 718 brisse
1042 668 1198 731 censeam,
1225 650 1309 717 inim

244 757 520 827 demonstrabitur.
564 759 884 843 Jambographos
916 765 983 828 tres
1013 761 1044 827 in
1070 779 1237 828 numerum
1258 780 1308 828 re·

245 871 355 938 dactos
377 888 448 938 esse
468 869 594 952 acinum
614 887 693 954 quos
712 869 943 954 Archilochum,
966 869 1175 953 Semouidem,
1192 871 1309 954 Hippo-

244 987 369 1050 nactem
388 980 486 1049 luisse
507 979 703 1064 Krdhncrt¹)
727 980 964 1048 demonstravit
1053 1043 1055 1050 ,

324 1109 446 1177 Novem
468 1109 689 1193 lyricorum
710 1127 861 1176 numerus
873 1109 1057 1192 saepissime
1078 1111 1173 1178 laude
1187 1113 1310 1180 tollitur

244 1229 278 1288 et
298 1219 423 1288 decima
443 1217 572 1287 additur
593 1221 737 1287 Comama.
777 1218 888 1302 Neque
909 1219 1102 1288 credendum
1123 1228 1174 1290 est
1194 1223 1308 1290 Petro·

243 1332 330 1400 nium
351 1330 522 1398 Pindarum
555 1349 730 1414 novemque
761 1331 876 1414 lyricos
908 1331 1098 1399 excitantem
1133 1334 1167 1418 (ᾖ
1187 1335 1221 1416 2)
1249 1333 1308 1401 hoc

242 1443 339 1510 aliter
356 1441 551 1510 intellexisse
571 1459 608 1507 ac
633 1441 660 1508 ai
682 1441 806 1508 Graece
827 1439 958 1508 dixisset
978 1442 1013 1510 ol
1033 1447 1113 1532 περὶ
1134 1445 1308 1532 Πίνδαρον

243 1549 341 1621 ἐννέα
374 1551 547 1639 λυρικομ).
605 1550 747 1624 Nomina
769 1556 934 1634 poetarum
965 1557 1074 1620 autem
1105 1559 1181 1620 sunt
1211 1553 1306 1621 hacc:

245 1663 389 1744 Alcaeus,
411 1662 552 1743 Alcman,
574 1662 748 1742 Anacreon,
770 1659 985 1746 Bacchylides,
1006 1661 1128 1746 Ibycum,
1143 1663 1308 1745 Pindarus,

245 1772 379 1855 Sappho,
401 1769 584 1854 Simonides,
606 1769 813 1838 Stesichorus.

325 1900 499 1983 Elegiaci
531 1898 676 1966 carminis
695 1903 811 1981 poetae
832 1903 963 1980 praeter
983 1899 1138 1967 Collinum
1160 1908 1194 1968 et
1216 1902 1307 1969 Mim-

243 2029 388 2079 nermnm
408 2011 461 2095 qui
483 2009 601 2077 luerint
622 2009 743 2091 recepti
765 2009 931 2076 nescimus.

329 2138 448 2219 Quibus
458 2138 498 2204 de
511 2150 630 2203 canone
641 2154 661 2201 a
671 2135 885 2220 grammaticis
897 2136 1121 2206 Alexandrinis
1135 2138 1308 2206 constituto

246 2250 398 2334 expositis
406 2266 506 2332 panca
517 2246 682 2314 additurus
694 2265 764 2313 sum
776 2246 816 2312 de
827 2247 944 2315 natans
953 2256 1119 2330 poetarum
1130 2248 1308 2332 generibus.

244 2361 444 2443 Aeschylum,
467 2358 660 2442 Sophoclem,
682 2355 864 2440 Euripidem
884 2359 988 2440 poesie
1007 2360 1192 2440 tragicae
1213 2361 1307 2441 longe

243 2471 508 2556 praeclarissimos
536 2467 632 2534 fnisse
661 2467 731 2550 quis
751 2473 801 2533 est
821 2467 895 2550 quin
925 2468 1026 2535 sciat?
1068 2467 1180 2552 Neque
1201 2489 1307 2554 quem·

243 2601 337 2668 quam
369 2579 585 2647 dubitaturum
615 2595 685 2644 esse
717 2575 913 2658 crediderim,
945 2577 1019 2660 quin
1051 2579 1198 2662 princeps
1218 2580 1306 2648 locus

243 2693 288 2760 eis
310 2710 372 2757 non
393 2690 456 2755 iam
478 2708 498 2755 a
516 2688 730 2772 grammaticis
745 2687 969 2754 Alexandrinis
982 2688 1135 2772 assignari
1149 2687 1305 2758 debuerit

244 2802 361 2882 Quibus
383 2799 484 2867 tribus
506 2798 630 2882 qnando
651 2817 671 2863 a
693 2815 754 2881 quo
775 2797 912 2864 minores
932 2804 1011 2864 natu
1033 2797 1095 2865 lon
1114 2805 1148 2866 et
1162 2800 1306 2868 Achaeus

242 2911 339 2980 additi
360 2911 425 2978 sint
442 2908 618 3006 nescimus.¹
648 2906 859 2974 Eodemmodo
881 2909 1092 2977 certissimum
1114 2893 1164 2978 est
1186 2911 1306 2979 Aristo-

168 3059 171 3062 ·
242 3024 387 3106 phanem,
408 3020 564 3102 Eupolim,
585 3018 748 3086 cratinum
769 3016 891 3100 priscae
913 3018 1091 3086 comoediae
1121 3020 1304 3118 inventores

242 3132 498 3217 perfectoresque
527 3129 633 3208 luisse,
661 3130 707 3195 ita
733 3133 770 3195 ut
797 3145 839 3194 ne
858 3128 917 3196 hoc
937 3127 1062 3212 quidem
1084 3129 1233 3198 indicium
1254 3149 1306 3198 ca·
1398 3179 1401 3184 .

242 3262 322 3310 nona
343 3241 459 3310 sanciri
478 3258 558 3323 opus
577 3238 684 3306 fuerit.
727 3238 876 3306 Ceterum
904 3240 1152 3331 κωμῳδοποιῶν
1174 3241 1305 3325 indices,

242 3372 319 3438 quos
340 3358 377 3421 ut
398 3350 535 3419 omnium
556 3367 708 3434 generum
731 3354 895 3416 auctorum
917 3349 1078 3418 Krohnert
1105 3350 1139 3434 (l.
1162 3372 1190 3419 c.
1212 3371 1241 3434 p.
1264 3355 1304 3418 at

242 3464 313 3531 adn.
338 3463 370 3547 1)
393 3461 558 3544 congessit,
580 3459 613 3526 in
635 3465 702 3526 tres
722 3459 839 3526 classes
860 3459 1068 3534 distribuendi
1088 3467 1178 3528 sunt:

324 3593 357 3674 a)
378 3590 506 3672 Septem
535 3594 701 3672 poetarum
729 3587 856 3655 nomina
887 3588 928 3654 ad
959 3593 1138 3671 temporum
1163 3581 1305 3659 ordinem

241 3700 412 3783 composita
440 3699 527 3767 nulla
553 3717 705 3781 generum
732 3698 911 3766 comoediae
939 3699 1095 3768 varietate
1123 3700 1232 3768 addita
1250 3719 1306 3768 ex-

241 3811 351 3880 hibent
365 3810 537 3878 laterculus
551 3807 813 3878 Montelalconius
834 3815 867 3878 et
891 3809 1082 3894 Ooislianus3
1105 3810 1215 3879 eadem
1236 3811 1306 3878 fere

241 3940 414 4006 anonymus
435 3925 515 4009 περὶ
535 3921 753 4012 repetitam.

313 4131 341 4201 1)
360 4130 380 4187 l.
399 4145 423 4187 c.
442 4146 469 4200 p.
488 4128 523 4184 21
533 4143 594 4199 sqq.

313 4231 342 4299 S)
361 4229 452 4300 Ergo,
482 4243 554 4300 quae
582 4227 688 4287 Steffen
715 4232 734 4288 l.
763 4244 786 4284 o.
814 4245 840 4300 p.
869 4230 905 4284 37
932 4230 1071 4299 disputat,
1103 4243 1237 4300 perversa
1264 4229 1306 4288 vl·

242 4330 349 4386 dentur.

313 4425 342 4500 Sl
362 4429 484 4497 Dlibner,
504 4427 613 4484 scholia
631 4427 660 4482 iu
678 4426 895 4502 Aristophanem
913 4428 1024 4485 Graeca
1040 4429 1089 4494 III,
1107 4443 1135 4500 p
1153 4427 1229 4488 XIV.

1052 4528 1093 4582 ᾖ*
