3268 4988
826 311 1032 374 ...26η

396 515 455 580 per
489 497 616 582 longum
637 503 763 582 tempus
783 499 901 566 Romae
924 507 1070 567 versatus
1104 502 1155 568 sit.
1199 501 1348 569 Ceterum
1376 504 1462 570 haud

396 608 459 676 scio
481 625 522 673 sn
543 608 657 677 Horati
678 608 776 676 verba
797 613 882 692 (epp.
904 611 928 693 Ι,
952 612 1001 692 19,
1026 611 1095 695 15);

523 718 642 804 „Rupit
661 718 818 786 Iarbitam
840 719 1020 803 Timagenis
1040 722 1165 790 aemula
1185 720 1323 806 lingua,“

375 828 502 920 magui
522 828 640 896 fuerint
662 831 821 898 momenti.
1280 899 1283 904 .

477 937 623 1006 Alterum
646 951 778 1024 quoque,
800 939 968 1008 Philistum
989 940 1167 1024 consequi,
1192 941 1248 1008 sed
1269 941 1460 1016 antecedere

395 1047 639 1132 Theopompum,
660 1049 784 1116 Usener
804 1050 926 1118 rhetori
948 1049 1058 1133 largiri
1080 1035 1170 1133 vult,v
1186 1070 1374 1135 quamquam
1403 1052 1461 1120 du·

394 1157 535 1226 ditanter
555 1159 608 1227 ille
627 1160 770 1244 quidem:
791 1160 874 1243 apud
890 1160 1022 1227 Dionem
1036 1161 1118 1227 enim
1130 1161 1349 1244 Prusaensam,
1365 1181 1459 1246 quem

393 1269 487 1352 vulgo
508 1268 766 1354 chrysostomum
785 1270 958 1355 appellant,
981 1272 1072 1353 (oret.
1089 1271 1205 1352 XVIII,
1216 1271 1269 1356 10)
1285 1272 1459 1355 Theopom-

373 1371 467 1476 pum
488 1381 553 1448 τῶν
575 1381 739 1470 δευτέρων
761 1375 831 1448 0000
846 1381 995 1464 legimus:
1019 1388 1053 1448 at
1064 1381 1189 1448 Philisti
1199 1381 1347 1450 meutio‘a
1360 1383 1460 1448 Diona

372 1574 375 1582 Ι
392 1508 454 1557 000
474 1489 521 1572 fit,
541 1491 592 1578 ita
611 1496 648 1559 ut
667 1510 730 1557 non
751 1491 869 1574 possim
890 1491 1087 1572 intellegere,
1109 1491 1184 1574 quid
1198 1491 1256 1558 hoc
1268 1492 1376 1558 Dionis
1391 1493 1458 1559 loco
1487 1563 1489 1568 ,

393 1599 640 1670 demonstretur.
683 1601 795 1669 Nonne
833 1601 987 1668 Philistus
1019 1601 1087 1683 lpse
1130 1620 1252 1684 quoque
1286 1601 1458 1669 secundum

392 1709 501 1779 Dionis
522 1711 713 1780 sententiam
735 1715 791 1780 aut
812 1711 879 1779 eius
900 1711 1029 1793 fontem,
1052 1712 1190 1794 quisquis
1212 1718 1272 1793 est,
1299 1711 1331 1777 in
1360 1713 1456 1794 scrip-

392 1819 513 1890 toribus
533 1821 691 1890 secundae
710 1823 818 1890 classis
839 1821 999 1889 numerari
1020 1823 1133 1903 potuit,
1154 1807 1200 1888 ita
1219 1829 1256 1889 ut
1270 1823 1346 1888 nihil
1358 1824 1455 1890 inter·

391 1930 443 2013 sit,
464 1938 538 2024 uter
558 1934 645 2016 prior
664 1933 867 2000 nominetur?
1324 1918 1327 1925 ’

473 2042 673 2125 Xenophonti
694 2061 714 2108 a
734 2042 882 2126 Dionysio
902 2041 987 2108 inter
1008 2060 1115 2108 rerum
1137 2041 1457 2124 scriptoras‚aQuln·

371 2151 500 2243 ¹tiliano
527 2153 613 2221 iuter
642 2153 843 2236 philosophos
858 2209 861 2215 ,
874 2153 960 2219 10000
991 2151 1180 2234 assignatur.
1230 2138 1355 2236 Neque
1372 2152 1455 2220 enim

390 2262 556 2346 quisquam
577 2261 759 2330 indubium
785 2262 918 2343 vocabit,
951 2263 1026 2346 quin
1052 2261 1226 2344 Xenophon
1258 2262 1291 2328 in
1323 2268 1456 2346 utroque

390 2390 509 2453 genere
531 2373 710 2438 enumerari
731 2372 871 2454 potuerit
903 2390 1005 2456 neque
1040 2371 1155 2438 desunt
1186 2371 1321 2454 vestigia
1352 2373 1457 2438 Xeno·
1498 2401 1502 2412 ·

390 2481 517 2564 phontIs
553 2481 639 2550 inter
670 2481 871 2566 philosophos
903 2487 936 2548 et
966 2500 1073 2548 rerum
1109 2481 1279 2564 scriptores
1313 2482 1456 2563 relegati.

390 2590 472 2657 Nam
495 2592 553 2660 Illo
580 2590 822 2676 chrysostomus
848 2592 910 2673 (18,
938 2591 991 2674 14)
1021 2591 1100 2658 haec
1127 2571 1219 2659 uicit}
1261 2596 1457 2682 ,Τρέψτμαι

391 2701 422 2767 d’
459 2696 518 2787 ἤδη
556 2697 616 2769 ἐπὶ
653 2700 730 2779 τούς
765 2700 1000 2784 Σωκρατικούς.
1047 2701 1250 2786 Ξενοφῶντα
1287 2702 1317 2767 δ’
1354 2700 1457 2786 ἔγωγε

390 2806 534 2896 ἡγοῦμαι
557 2807 656 2898 ἀνδρὶ
678 2813 839 2903 πολιτικῷ
860 2817 917 2877 καὶ
944 2809 1046 2897 μόνον
1073 2821 1138 2878 τῶν
1166 2814 1325 2879 παλαιῶν
1355 2809 1454 2900 ἐξαρ-

390 2925 462 2988 κεῖν
481 2920 677 2989 δύνασθαι]
720 2921 835 2991 Confer
856 2923 948 2988 simili
963 2922 1204 3004 modoOritIam
1223 2923 1455 3004 Antisthenem

389 3031 630 3114 Xenophontem
665 3033 840 3100 Socraticos
872 3052 892 3098 a
923 3032 1071 3116 Dionysio
1107 3033 1351 3128 commemorari,
1384 3052 1455 3100 cum

390 3139 475 3208 dicat
496 3141 550 3226 (de
572 3142 710 3226 Thucyd.
731 3143 803 3209 hist.
826 3142 889 3210 iud.
912 3143 983 3228 51):
1017 3139 1137 3220 Οὐδεὶς
1165 3137 1275 3210 αὐτῶν
1302 3149 1456 3231 κέχρηται

389 3247 492 3342 ταύτῃ
513 3257 551 3342 τῇ
573 3251 744 3344 διαλέκτῳ,
761 3249 836 3319 οὔθ’
852 3246 1453 3348 οἳπερὶἎνδακίδηνκαζἍντιφῶντα

388 3366 445 3427 καὶ
464 3368 603 3429 Λυσίαν
626 3357 760 3451 ῥήτορες
781 3355 857 3430 οὗθ’
880 3362 913 3429 οἱ
934 3367 1014 3451 περὶ
1030 3365 1170 3447 Κριτίαν
1189 3359 1454 3450 καὶἈντισθένη

363 3539 374 3546 ,,
388 3475 446 3537 καὶ
484 3471 687 3559 Ξενοφῶντα
727 3474 972 3562 Σωκρατικοίῑ).
1040 3472 1183 3540 Eundem
1219 3473 1322 3542 locum
1360 3474 1455 3543 affert

364 3665 367 3671 Ι
389 3581 523 3663 Usener,
546 3589 590 3672 ut
603 3601 643 3649 00
663 3602 684 3649 0
704 3583 852 3666 Dionysio
867 3583 994 3666 quidam
1014 3583 1152 3650 alienum
1174 3602 1244 3652 csse
1258 3584 1455 3652 demonstret

388 3690 629 3782 Xenophontem
650 3692 735 3760 inter
754 3692 956 3776 philosophos
985 3693 1172 3775 relegatum.
1222 3693 1348 3778 Optimo
1374 3696 1453 3778 iure,

388 3805 424 3866 ut
471 3801 615 3894 vidimtu.
677 3803 740 3871 Sed
784 3803 941 3871 distinctis
979 3803 1083 3871 verbis
1127 3805 1338 3883 Quintilianus
1378 3805 1455 3872 dicit

388 3908 442 3992 (X,
463 3914 493 3988 1,
515 3911 586 3998 ⁷6):
610 3912 804 3998 „Xenophon
824 3932 886 3980 non
908 3913 1024 3981 excidit
1045 3914 1130 3996 mihi,
1159 3915 1217 3982 sed
1243 3917 1328 3983 inter
1354 3915 1453 3998 philo-

387 4020 503 4104 sophos
523 4022 702 4091 reddendus
722 4025 801 4091 est“
844 4023 929 4106 Ergo
949 4024 977 4091 si
999 4024 1209 4104 Quintilianus
1229 4045 1267 4094 eo
1286 4025 1356 4109 ipso
1374 4026 1451 4107 loco,

460 4267 488 4335 1)
506 4265 595 4324 Italer
614 4266 759 4337 (Opuscul.
778 4268 902 4324 academ.
922 4268 943 4336 Ι,
963 4269 1025 4344 119,
1044 4285 1071 4326 u.
1091 4269 1140 4340 45)
1161 4269 1361 4344 Σιαρατικόν.
