3268 4988
824 1247 850 1310 1.

408 1466 466 1542 De
492 1487 664 1560 canone,
690 1468 762 1561 qui
787 1466 954 1561 dieitur,
979 1468 1272 1545 Alexandrino.

393 1669 483 1731 Anno
515 1669 594 1732 1767
623 1667 829 1733 Ruhnkenius
854 1669 886 1734 in
916 1669 1048 1737 historia
1079 1670 1189 1736 critica
1216 1678 1375 1737 oratorum

310 1776 537 1860 Graecorum1)
573 1795 604 1859 p.
632 1780 673 1842 95
711 1796 758 1860 sq.
773 1797 819 1859 sq.
849 1779 889 1843 ab
922 1779 1131 1861 Aristophane
1159 1781 1312 1862 Byzantio
1343 1789 1377 1846 et

310 1887 495 1952 Aristarcho
517 1905 667 1952 canonem
688 1889 875 1968 optimorum
899 1889 931 1952 in
954 1908 1076 1972 quoque
1103 1909 1220 1972 genere
1245 1892 1376 1972 scripto-

312 2015 383 2062 rum
405 1998 611 2078 compositum
634 2015 703 2062 esse
730 1998 892 2065 contendit
922 1999 1119 2082 multumque
1145 2001 1375 2066 controversiae

310 2105 514 2173 subsecutum
536 2113 594 2172 est.

394 2217 475 2296 Quid
496 2221 603 2282 autem
628 2217 695 2281 eius
716 2217 800 2282 modi
820 2236 919 2284 canon
941 2220 993 2298 sit,
1005 2219 1377 2302 utbenecognoscenrus,

310 2326 542 2408 respiciendum
564 2334 623 2406 est,
644 2327 799 2408 quomodo
820 2328 931 2393 critica
951 2335 985 2394 et
1006 2330 1376 2410 grammaticaursortuc

309 2437 384 2502 siut.
426 2437 496 2514 Qus
517 2436 556 2501 de
577 2455 614 2500 re
639 2437 795 2513 Usenero
817 2438 895 2503 haec
917 2439 1008 2505 dicit:
1037 2439 1268 2522 „Proficiscitur
1295 2441 1376 2505 enim

310 2546 344 2626 (i.
367 2565 395 2611 e.
415 2546 578 2630 iudicium)
600 2564 621 2609 a
641 2547 772 2628 singulis
794 2548 871 2613 Iocis
892 2547 1075 2626 iudicandis,
1098 2550 1203 2630 pergit
1223 2551 1262 2614 ud
1280 2551 1376 2616 totius

313 2657 468 2738 poematis
500 2657 551 2722 vel
578 2657 687 2737 scripti
715 2657 850 2723 virtutes
882 2676 919 2723 ac
941 2658 1018 2723 vitia
1048 2659 1255 2740 aestimanda,
1289 2660 1377 2724 libris

310 2766 452 2833 omnibus
472 2767 679 2850 pertractatis
701 2766 741 2830 de
761 2767 860 2848 ipsius
881 2773 995 2849 poetae
1021 2768 1245 2850 scriptorisque
1277 2769 1375 2849 digni-

310 2883 379 2942 tate
415 2895 567 2942 summurn
601 2874 719 2956 colligit
754 2895 852 2958 eoque
887 2878 1043 2958 pervenit,
1074 2884 1111 2944 ut
1141 2878 1195 2961 qui
1226 2880 1375 2961 cuiusque

310 2987 437 3067 generis
459 2991 605 3051 auctores
626 2987 690 3051 sint
710 2986 820 3067 optimi
842 2992 876 3052 et
896 2988 1007 3069 quibus
1028 2988 1184 3054 excellunt
1197 2989 1375 3068 virtutibus,

309 3095 423 3178 quihus
455 3096 557 3162 minus
585 3096 854 3176 commendentur,
886 3106 1034 3164 accurate
1068 3097 1206 3163 definiat.
1255 3099 1374 3164 Eadem

309 3224 407 3287 opere
426 3205 472 3283 fit,
495 3211 531 3270 ut
553 3223 635 3286 quae
657 3207 760 3270 aliena
781 3225 801 3270 a
822 3213 934 3288 poetae
966 3209 1167 3289 scriptorisve
1196 3209 1319 3289 ingenio
1341 3215 1376 3274 et

311 3316 448 3382 moribus
469 3316 631 3380 intellecta
653 3316 725 3395 sint,
750 3317 817 3381 sive
844 3336 954 3383 uersus
981 3318 1101 3400 locique
1130 3319 1196 3384 siue
1227 3324 1376 3401 poemata

311 3431 343 3491 et
366 3425 447 3504 libri,
469 3424 509 3491 ab
535 3426 590 3491 iIlo
623 3424 851 3493 abiudicentur.
908 3428 1045 3508 Singulis
1071 3435 1178 3494 autem
1206 3429 1375 3495 virtutibus

310 3554 348 3600 ac
370 3535 454 3601 vitiis
475 3535 653 3600 observatis
675 3540 714 3600 et·
729 3536 761 3600 in
783 3554 878 3601 unum
902 3538 1073 3603 coniunctis
1094 3538 1199 3620 prodit
1219 3539 1374 3621 quaedam

316 3645 433 3725 ingenii
457 3652 490 3710 et
511 3646 590 3710 artis
612 3645 715 3726 imago
737 3646 948 3732 (qapaxcq'p);
970 3666 1051 3729 qnae
1074 3649 1130 3713 nisi
1158 3650 1254 3714 certis
1279 3651 1376 3715 lineu-

310 3759 425 3821 mentis
448 3754 636 3821 adumbrate
656 3756 709 3836 sit,
730 3775 832 3838 neque
855 3757 990 3838 scriptor
1010 3756 1090 3823 alius
1111 3777 1182 3823 cum
1211 3759 1272 3825 alio
1293 3777 1374 3825 corn·

386 4019 414 4086 1)
434 4015 705 4074 ConferFrotschori
719 4019 868 4073 editionem
878 4019 968 4074 Rutili
979 4020 1058 4089 Lupi,
1070 4020 1182 4090 Lipsiae
1196 4020 1265 4075 1831
1279 4020 1373 4090 (1811)

311 4119 339 4170 ct
358 4121 501 4172 oratorum
520 4117 691 4174 Graecorum
710 4134 726 4172 u
745 4118 862 4172 Reiskio
882 4119 1019 4173 editorum
1038 4122 1103 4174 tom.
1121 4120 1196 4174 VIII.

384 4216 412 4283 2)
436 4216 555 4288 Dionysi
575 4217 836 4271 Halicarnassensis
858 4217 893 4270 de
918 4217 1072 4271 Imitatione
1099 4218 1241 4286 reIIquias,
1270 4218 1313 4272 ed.
1338 4219 1372 4274 H.

311 4311 425 4380 Usener,
445 4316 559 4370 Bonnae
580 4316 657 4382 1889,
677 4333 702 4384 p.
726 4318 775 4369 132
795 4331 871 4384 seqq.
