3268 4988
720 1223 775 1287 Ill.

213 1419 346 1513 Quam
371 1383 504 1496 mirus
521 1436 754 1496 consensus
768 1417 955 1512 Dionysii
972 1418 1017 1494 et
1034 1416 1280 1510 Quintiliani

432 1543 501 1638 sit,
527 1541 711 1623 breviter
735 1543 1062 1622 demonstratur.

297 1719 376 1786 Oum
397 1719 500 1785 omnia
521 1719 561 1785 ad
583 1724 724 1785 nostram
742 1718 959 1802 quaestionem
982 1719 1185 1802 pertinentia,
1198 1738 1280 1803 quae

214 1830 413 1897 extrinsecus
433 1828 572 1912 petenda
594 1833 696 1908 erant,
717 1828 1025 1909 perlustraverimus,
1046 1823 1167 1909 restat,¹
1184 1835 1219 1896 ut
1240 1847 1279 1896 ex

213 1935 447 2022 comparatione
471 1937 611 2021 Dionysii
631 1937 919 2006 Halicarnassensis
941 1944 975 2003 et
1000 1937 1182 2017 Quintiliani
1195 1935 1278 2021 ipsa,

215 2069 296 2132 quae
316 2049 415 2116 statui
436 2049 568 2133 possint,
588 2048 793 2131 inquiramus.
836 2049 873 2114 ln
901 2048 1033 2130 singulis
1060 2049 1182 2116 iudiciis
1209 2069 1279 2116 ver·

216 2157 347 2226 hotenos
369 2159 548 2226 consentire
568 2159 672 2225 solent
693 2158 860 2242 Dionysius
872 2164 905 2225 et
916 2159 1136 2246 Quintilianus,
1150 2159 1182 2224 id
1197 2159 1279 2242 quod

216 2267 277 2335 iam
298 2267 420 2352 pridem
449 2267 591 2334 homines
612 2267 696 2335 docti
716 2275 959 2353 perspexerunt.
1002 2267 1048 2334 Ut
1068 2268 1156 2347 alios,
1183 2268 1279 2351 inpri-

215 2381 273 2448 mis
305 2379 509 2464 Stephanum,
537 2379 692 2459 omittam,
721 2380 859 2462 exempli
886 2378 990 2460 gratia
1022 2373 1175 2464 Ranke1)'
1201 2378 1279 2446 haee

214 2489 303 2557 dicit:
327 2493 345 2554 ‘.
369 2537 376 2553 .
399 2535 408 2553 .
430 2489 463 2556 id
482 2485 511 2556 si
528 2489 631 2556 minus
653 2489 759 2556 elucet
780 2509 823 2554 ex
844 2490 912 2555 eins
932 2487 1020 2554 libris
1031 2480 1188 2572 excerptis
1199 2489 1277 2568 (scil.

213 2599 397 2684 Dionysium
417 2599 567 2682 antiquae
586 2598 764 2666 comoediae
791 2599 920 2682 eiusque
949 2597 1077 2680 optimis
1100 2597 1280 2665 auctoribus

212 2709 307 2776 laude
328 2727 390 2775 non
418 2708 564 2776 detracta
592 2706 766 2776 Menandro
797 2709 934 2792 palmam
971 2707 1165 2790 concedere),
1197 2727 1278 2791 quae

213 2820 281 2886 sola
302 2837 322 2884 a
343 2819 447 2885 nescio
468 2837 529 2902 quo
550 2817 676 2885 homine
701 2819 844 2902 profecta
872 2837 914 2884 ex
942 2817 1131 2900 antiquitate
1158 2818 1278 2900 accepi·

214 2913 300 2996 mus:
321 2930 428 3012 potest
455 2927 592 3010 perspici
619 2947 660 2994 ex
690 2927 874 3006 Quintiliani
901 2927 1101 2994 institutione
1129 2928 1277 3011 oratoria,

213 3031 268 3122 ιἰιιί
289 3035 404 3106 Graeci
423 3038 561 3104 rhetoris
582 3037 723 3120 vestigiis
743 3043 867 3104 tantum
897 3057 958 3104 non
981 3036 1103 3120 ubique
1129 3037 1297 3104 insistens

214 3143 343 3214 eiusde
363 3147 475 3232 priscis
496 3147 703 3230 scriptoribus
723 3145 872 3214 iudicium
894 3149 940 3214 ita
963 3145 1087 3214 videtur·
1115 3146 1278 3229 amplexus

206 3249 296 3339 esse,
317 3265 354 3326 ut
375 3259 426 3326 vir
447 3258 546 3326 semel
566 3259 645 3325 illud
661 3259 884 3342 relinqueret“
927 3257 1171 3324 honoratissime
1183 3277 1277 3342 quae-

214 3369 349 3436 stionem
370 3369 410 3435 de
433 3368 573 3436 lontibus
584 3369 766 3449 Quintiliani
786 3370 819 3434 in
832 3367 911 3436 libro
922 3367 1043 3435 decimo
1055 3363 1278 3436 conscribendo

215 3475 364 3546 adhibitis
385 3479 751 3561 nonantulanam,
775 3473 1278 3564 ouius,QuaestionesQuintilia-
1324 3513 1326 3517 ·

212 3589 346 3673 noas“²)
369 3594 465 3657 antea
486 3589 694 3657 excitavimus
716 3594 759 3674 (p.
782 3593 850 3670 23);
879 3588 992 3654 deinde
1022 3585 1153 3655 eandem
1182 3605 1277 3671 quae·

213 3698 348 3768 ationem
368 3701 558 3767 retractavit
579 3700 712 3768 Oasimir
732 3719 752 3766 a
774 3699 941 3766 Morawski
949 3699 977 3780 ³)
999 3698 1031 3764 in
1053 3695 1276 3764 dissertatione

214 3809 347 3894 quadam
370 3810 564 3877 Berolinensi
588 3813 631 3894 (p.
654 3811 724 3895 21);
746 3811 796 3877 cui
817 3829 888 3876 cum
909 3807 1070 3892 acciderit,
1099 3812 1137 3874 ut
1166 3803 1276 3890 multa,

284 4021 312 4090 1)
331 4021 364 4075 In
383 4019 453 4077 Vita
466 4019 667 4091 Aristophanis
680 4017 883 4092 Aristophanis
903 4021 989 4075 Pluto
1003 4015 1196 4073 a'lhiarschio
1206 4014 1276 4073 1831

212 4120 289 4175 odito
307 4119 462 4190 praemissa
479 4136 506 4191 p.
526 4121 569 4175 63.

249 4239 251 4251 .
284 4218 313 4287 i)
332 4217 505 4287 Fleckeisen,
526 4220 621 4290 Suppl.
641 4219 761 4288 Vl‚·339
781 4233 822 4290 sq.
836 4233 877 4288 sq.

283 4317 312 4386 3)
332 4318 519 4384 Quaestionos
538 4320 752 4386 Quintilianaaa,
772 4319 863 4374 Barol.
885 4317 963 4374 1884.
1092 4353 1096 4362 ·
1131 4355 1134 4362 -

1046 4416 1064 4471 3
