3268 4988
800 369 1003 434 ..40..

367 560 483 636 poetae
504 555 621 624 desum
640 556 724 638 apud
745 555 944 638 Dionysium
972 557 1020 624 ita
1045 557 1161 624 Fahine
1182 558 1224 624 ml
1250 559 1439 627 Ciceronem-

368 665 474 747 rediit,
495 665 527 733 id
548 666 631 762 quod
659 666 870 734 demonstrari
895 673 1004 748 polest
1027 669 1217 750 mmpanulie
1244 687 1326 752 quae
1356 670 1431 736 dieii

368 779 402 857 (ξ
421 777 491 856 58)ι
513 775 668 859 „vacabit
689 776 820 858 elegiam
840 777 873 844 ln
894 795 1006 844 manus
1025 779 1172 844 eumere“
1188 798 1260 846 enm
1272 779 1431 847 Hortensii

367 884 506 952 Tulliani
526 885 713 966 Iragmento·
725 886 775 950 X*
797 886 999 962 (Usenerll.
1012 906 1041 969 p.
1056 891 1147 971 120):
1169 889 1295 973 „Negat
1311 889 1431 970 Cicero,

366 997 394 1063 ai
414 995 595 1077 duplicetur
615 994 674 1062 sihi
694 1002 794 1074 aetna,
822 995 1004 1064 habiturum
1031 1016 1068 1064 ae
1094 1002 1230 1080 lempna,
1258 1018 1321 1082 quo
1344 999 1432 1082 legal

368 1105 513 1187 lyricos!
558 1105 627 1184 Qua
646 1105 679 1172 in
700 1124 738 1172 re
758 1125 794 1172 re
816 1107 1060 1174 controversiam
1081 1108 1191 1191 Inlue,
1209 1109 1432 1192 cumaliilyri·

367 1233 420 1282 coa
442 1214 482 1282 ad
503 1214 759 1284 conformandum
789 1223 949 1284 oratorem
975 1218 1109 1286 multum
1138 1219 1246 1285 calme
1274 1220 1431 1288 ιιίιιίιιι-

366 1332 449 1406 rant,
470 1326 524 1394 alii
544 1325 638 1408 plane
670 1333 919 1409 contemnerent,
951 1335 986 1394 et
1011 1347 1054 1394 ex
1081 1328 1183 1396 Dione
1209 1329 1432 1414 thenetmo

365 1435 502 1517 perspici
527 1440 643 1518 polest,
675 1454 746 1502 cum
778 1439 871 1518 (orac
899 1437 1015 1519 XVIII,
1043 1441 1073 1518 8,
1100 1457 1131 1520 n
1160 1441 1222 1504 748
1247 1440 1301 1524 R)
1326 1440 1431 1506 meat:

366 1547 467 1631 „rr-elo
504 1545 543 1612 δὲ
573 1550 631 1610 καὶ
661 1541 793 1628 §iareim
829 1549 876 1637 eq}
907 1550 970 1632 μὲν
1002 1547 1125 1635 σχολήν
1154 1551 1273 1630 ἄγοντι
1302 1551 1433 1617 πολλοῦ

367 1652 515 1739 clia&
557 1655 646 1734 Quae
666 1675 737 1723 cum
757 1658 805 1724 ila
824 1658 898 1741 sint,
919 1677 961 1725 ne
983 1659 1066 1740 apud
1094 1659 1277 1726 Gieemnem
1305 1660 1431 1744 quidem

366 1768 501 1836 multum
521 1766 656 1834 inveniri
676 1772 804 1849 poterae
820 1787 925 1850 neque
938 1768 1108 1852 quidquem
1119 1769 1215 1836 Fabio
1224 1770 1339 1854 reliqui
1350 1777 1432 1852 erat,

367 1877 426 1944 miei
448 1882 486 1943 nt
507 1895 562 1942 eoa
580 1876 736 1957 laudaret,
757 1878 811 1961 qui
834 1879 937 1960 poelie
958 1879 1108 1946 Romanis
1136 1881 1279 1962 exemplo
1303 1879 1434 1949 Inerant

366 1994 400 2054 et
420 1987 474 2069 qui
493 1986 535 2052 ab
554 1985 625 2054 eliis
641 1985 714 2067 (non
727 1986 953 2072 arhelorihus)
974 1989 1068 2055 laude
1089 1989 1292 2074 tollebantur,
1309 1990 1432 2056 Galli·

365 2095 557 2176 maehum,
578 2096 669 2163 cuiue
687 2096 807 2164 mentio
828 2097 868 2165 ab
889 2098 999 2165 ovidio
1019 2098 1056 2166 fit
1077 2100 1154 2184 (am.
1176 2103 1205 2180 1,
1228 2105 1278 2181 lh,
1299 2102 1349 2182 3):

448 2205 687 2290 „Battiades
707 2225 864 2289 semper
893 2211 981 2274 toto
1009 2208 1250 2276 cantabitur
1276 2228 1363 2290 ore,

450 2315 633 2394 Quamvis
651 2317 813 2398 ingenio
832 2336 908 2384 non
929 2318 1054 2398 nalel,
1075 2325 1167 2384 arte
1186 2319 1335 2399 nalel,“

450 2434 483 2493 et
503 2425 726 2508 Philetem‚
747 2427 789 2494 ‹le'
809 2445 872 2511 qne
893 2427 1078 2509 Propertius
1099 2428 1153 2508 IV,
1177 2434 1205 2508 1,
1227 2435 1260 2493 1:

449 2535 710 2628 „GaIIImachi
729 2555 870 2603 manee
891 2545 932 2604 et
950 2538 1017 2603 Coi
1037 2557 1157 2605 eaera
1173 2538 1379 2619 Philetae,

446 2646 490 2712 In
512 2651 689 2713 vestrum
710 2664 861 2730 quaeso
880 2666 938 2714 me
960 2647 1086 2713 einile
1105 2648 1165 2715 lre
1186 2655 1359 2716 nemua“-

446 2756 509 2824 Sed
528 2774 590 2822 nen
610 2755 693 2838 fugit
714 2775 765 2824 me
786 2757 954 2823 Horatium
968 2757 1062 2840 (Eup.
1075 2760 1105 2836 2,
1124 2761 1196 2840 100)
1207 2757 1432 2836 Mimnermum

365 2867 490 2934 malonia
511 2865 619 2932 Iacere
639 2884 734 2949 quam
756 2865 992 2934 Callimachum.
1041 2866 1119 2933 Inde
1146 2867 1226 2934 illud
1254 2867 1431 2950 „hahetur‘

365 2984 401 3043 el
422 2975 635 3060 „conlemioue
656 2975 862 3058 plurimorum
884 2979 917 3060 (ἓ
937 2980 989 3058 58,
1010 2977 1067 3061 59)
1087 2977 1230 3058 prolecta
1249 2983 1335 3045 anna
1380 2979 1431 3045 De

365 3085 600 3153 Archilochi
619 3087 651 3170 (ἕ
673 3087 728 3168 60)
750 3085 897 3153 indimum
909 3087 1015 3170 aliqua
1036 3087 1431 3170 exparteudgrammati·

365 3214 435 3262 eam
455 3196 553 3275 illam,
573 3213 668 3279 quam
688 3195 836 3276 dlximna,
866 3215 936 3262 enee
959 3196 1163 3263 referendum
1191 3194 1328 3278 nomm,
1358 3217 1431 3266 oum

363 3306 490 3372 canonia
508 3305 715 3371 Alexandrini
735 3305 854 3373 mentio
873 3306 932 3372 fiat
951 3310 986 3372 et
1005 3305 1048 3372 de
1068 3325 1187 3388 geuene
1215 3305 1340 3374 dleendi
1367 3325 1430 3374 nou

363 3421 432 3482 tam
466 3415 602 3482 munde
639 3414 828 3498 disputetur,
850 3423 1005 3499 quantum
1039 3435 1060 3482 a
1093 3417 1222 3483 rhetore
1255 3435 1314 3500 par
1349 3424 1429 3488 erae

364 3526 513 3593 Ceterum
537 3525 744 3592 conferendus
766 3531 816 3592 est
836 3526 997 3608 Horatius,
1020 3527 1073 3609 qui
1095 3531 1158 3610 (ep.
1180 3526 1220 3592 ad
1241 3527 1304 3593 Pie.
1320 3528 1384 3610 ,79)
1397 3528 1430 3594 in

365 3635 550 3703 Archilocho
572 3635 692 3702 rabiem
713 3635 810 3702 Iuleae
837 3643 949 3703 narrat
981 3636 1078 3720 (quod
1110 3635 1184 3702 aliie
1211 3635 1316 3702 nothis
1345 3636 1430 3704 idem

362 3745 541 3830 significare
562 3745 690 3812 videtur
709 3764 748 3812 ac
768 3745 970 3825 Qumliliaui:
999 3745 1187 3830 „plurimum
1214 3745 1375 3830 sangoinis
1395 3751 1430 3813 el

362 3855 565 3937 nervorum“)
587 3861 621 3922 el
643 3855 782 3925 Velleius
808 3854 1005 3937 Paterculue,
1034 3856 1088 3940 qui
1116 3855 1338 3922 Archilochum
1364 3857 1428 3922 Hm

363 3976 452 4033 mero
494 3963 665 4048 subinnuit.
723 3964 891 4034 lloraneki
926 3965 961 4051 (l.
996 3965 1034 4051 l.)
1068 3965 1215 4034 molinam
1248 3965 1354 4033 iudicii
1388 3966 1429 4033 de

436 4210 464 4281 1)
484 4209 540 4266 Sed
557 4208 633 4264 Ιιιιιᾱ
660 4208 720 4263 ecio
748 4223 785 4264 an
802 4209 858 4266 Dlo
885 4209 955 4267 haec
985 4211 1072 4268 verbe
1096 4225 1113 4264 e
1137 4207 1311 4277 Quinffilano
1337 4211 1428 4265 mulu-

361 4311 427 4364 aar·
444 4308 493 4366 ela
