3268 4988
822 397 1027 464 ..30-

392 581 644 666 scriptorumque
677 584 775 666 brevi,
807 587 864 654 sod
891 593 1041 656 accurata
1069 596 1221 671 excerpta
1248 610 1319 657 esse
1343 594 1458 673 putat:

393 693 476 776 quod
496 693 581 760 idem
602 696 777 778 exemplum
804 716 841 764 ac
870 698 998 783 Dionysi
1025 700 1094 767 fons
1120 700 1216 767 fuisse
1242 719 1305 768 non
1331 705 1456 783 potest3

393 819 466 868 nam
487 802 646 871 Oicoronis
667 805 780 873 iudicia
802 807 903 875 mutto
924 811 1083 892 pressiora
1104 817 1178 878 sunt
1206 829 1299 894 quam
1322 829 1402 894 quae
1424 813 1459 876 in

393 911 535 996 Dionysii
556 916 695 997 epitoum
715 916 864 1000 legimns3
885 919 1023 988 dubitari
1043 921 1163 1003 nequit,
1191 921 1264 1004 quin
1288 921 1459 1004 Dionysius
1596 921 1597 960 ¹

393 1026 462 1109 ipse
479 1025 594 1092 iudicia
614 1025 813 1110 atiquatenus
833 1030 985 1111 ampliora
1014 1031 1199 1112 exhibuerit,
1228 1030 1261 1096 id
1288 1030 1371 1113 quod
1400 1031 1458 1110 eis,

394 1154 476 1220 quoe
517 1135 556 1202 de
596 1154 703 1202 rerum
739 1131 944 1221 scriptoribus
985 1148 1179 1222 manserunt,
1224 1140 1459 1223 comprobatur,

394 1249 545 1312 Attamen
565 1245 668 1313 fontes
689 1266 709 1312 a
730 1247 880 1317 Cicerone
903 1255 937 1315 et
957 1251 1104 1334 Dionysio
1124 1252 1157 1316 in
1178 1269 1269 1317 usum
1280 1251 1384 1317 vocati
1395 1269 1459 1317 non

393 1357 439 1423 ita
470 1357 605 1424 multum
634 1358 719 1423 inter
750 1376 785 1425 se
816 1357 1005 1442 discrepant,
1038 1360 1094 1428 sed
1125 1360 1229 1443 aliquo
1261 1359 1353 1428 modo
1385 1360 1460 1444 (par

395 1465 586 1534 enchiridion
608 1469 849 1549 grammaticum
870 1470 919 1536 vel
938 1471 1130 1538 rhetoricum
1138 1470 1169 1554 i)
1189 1471 1274 1536 inter
1294 1489 1330 1536 se
1346 1469 1459 1538 cohae-
1479 1481 1483 1494 *

394 1581 476 1642 rent.
520 1576 698 1644 Hartmann
727 1578 762 1664 (l.
785 1578 805 1645 1.
827 1598 858 1662 p.
879 1580 934 1664 45)
963 1580 1021 1647 hoc
1053 1580 1208 1647 communi
1237 1581 1396 1648 Ciceronis
1424 1585 1460 1648 et

394 1685 534 1769 Dionysii
555 1687 642 1754 ionte
663 1689 759 1754 etiam
780 1688 820 1755 de
841 1708 948 1757 rorum
970 1691 1183 1774 scriptoribus,
1203 1690 1362 1772 sophistis,
1384 1690 1460 1756 rhe-

394 1795 516 1864 toribus
536 1802 641 1864 cctum
662 1799 759 1866 fuisso
781 1799 872 1866 dicit:
894 1819 931 1868 ac
953 1820 1058 1868 rerum
1080 1801 1204 1884 quidem
1231 1800 1403 1884 scriptores
1423 1799 1459 1866 in

394 1908 453 1975 hoc
474 1909 656 1990 compendio
677 1909 773 1976 fuisse
795 1911 950 1978 Susamihl
959 1913 984 1994 ¹)
1006 1917 1111 1993 negat,
1133 1911 1278 1977 rhetores
1299 1917 1332 1977 et
1353 1910 1459 1992 sopht-

395 2022 462 2086 stas
483 2018 655 2085 secundum
678 2020 836 2088 Ciceronis
854 2023 988 2088 Brutum
1007 2023 1109 2104 (8,30)
1132 2021 1282 2088 concedit.
1326 2020 1459 2100 Quodsi

395 2129 583 2213 quaerimus,
606 2130 679 2216 quid
701 2131 740 2197 de
763 2131 903 2215 Dionysii
925 2132 1212 2197 halicarnassensis
1234 2131 1371 2198 fontibus
1391 2137 1458 2196 sta-

397 2244 488 2306 tuero
516 2241 681 2322 possimus,
713 2241 753 2308 de
784 2242 843 2308 hac
874 2261 911 2308 re
942 2247 1121 2308 accuratam
1151 2242 1238 2307 iilam
1266 2239 1391 2324 quidem
1424 2244 1460 2307 et

398 2348 567 2432 diligenter
602 2353 804 2433 compositam
839 2350 1093 2430 dissertationem
1135 2352 1327 2431 invenimus,
1362 2369 1457 2433 quam

396 2459 433 2525 G.
447 2461 635 2544 Ammon2)
657 2462 786 2552 publice
801 2461 879 2529 iuris
891 2462 974 2529 iacit.
1018 2462 1127 2528 Priore
1147 2461 1240 2528 huius
1254 2460 1351 2528 libelli
1364 2467 1458 2543 parte

395 2568 435 2636 de
456 2571 535 2638 artis
561 2572 738 2640 rhetoricae
766 2573 945 2656 praeceptis
974 2591 1146 2656 corumque
1173 2571 1311 2638 fontibus
1337 2572 1459 2653 agitur:

396 2682 530 2749 marium
563 2689 672 2751 nostra
706 2685 851 2765 interest,
888 2679 969 2767 quae
1004 2683 1062 2750 sub
1097 2683 1191 2750 finem
1227 2683 1319 2749 huius
1358 2681 1459 2764 partis

397 2792 528 2858 Ammon
549 2793 724 2861 ostendisse
745 2813 780 2862 se
800 2794 928 2877 iudicet,
950 2811 1020 2861 curn
1043 2794 1128 2862 dicat
1151 2793 1184 2878 (1.
1207 2794 1226 2859 i.
1249 2811 1278 2875 p.
1303 2793 1372 2874 75);
1403 2793 1459 2875 ,ln

397 2901 444 2968 eis
478 2903 563 2984 locis,
595 2902 706 2987 quibus
741 2923 811 2971 cum
848 2905 1010 2972 Cornificio
1046 2911 1080 2971 ct
1115 2904 1264 2971 Cicerone
1300 2903 1460 2984 conspirat

397 3011 683 3081 halicarnassensis
712 3051 753 3062 -
785 3020 819 3082 et
853 3023 928 3082 sunt
963 3014 1112 3097 permulti
1143 3049 1184 3064 ·-
1215 3014 1296 3081 latet
1330 3019 1461 3096 praetor

397 3127 555 3204 auctores,
583 3142 660 3208 quos
687 3125 783 3192 attuli
813 3161 850 3172 -
879 3125 1132 3207 Theophrastum
1157 3123 1298 3207 inprimis
1322 3123 1391 3189 dico
1419 3159 1460 3170 -

396 3234 532 3302 fortasse
554 3234 651 3301 etiam
672 3235 753 3302 alius
774 3235 843 3302 fons
864 3240 898 3301 et
919 3253 961 3300 cx
982 3234 1151 3301 Academia
1172 3241 1205 3300 et
1227 3253 1269 3300 ex
1283 3232 1410 3300 Rhodiis
1428 3239 1461 3300 et

398 3344 645 3412 Atheniensibus
666 3345 845 3413 doctoribus
865 3346 1051 3412 recentioris
1080 3344 1204 3425 aetatis,
1231 3363 1307 3427 quos
1335 3345 1461 3426 saepius

398 3461 553 3523 memorat
573 3456 694 3536 uicem,
714 3455 937 3540 repetendus.“
990 3453 1078 3535 Quod
1110 3455 1138 3522 si
1169 3455 1339 3522 communis
1368 3471 1461 3538 prae-

398 3572 561 3649 ceptorum
580 3567 810 3635 rhetoricorum
833 3567 902 3634 tons
914 3565 1101 3634 statuendus
1124 3573 1182 3647 est,
1194 3565 1268 3650 quid
1282 3564 1461 3632 dubitamus

399 3677 557 3744 confidere
598 3679 694 3745 etiam
728 3679 761 3744 in
798 3678 915 3745 criticis
958 3676 1226 3759 disquisitionibus
1262 3676 1462 3759 aliquatenus

399 3787 532 3854 similam
553 3787 671 3856 iontem
694 3789 725 3854 in
747 3807 839 3856 usum
868 3794 1012 3855 vocatum
1038 3791 1129 3854 esse?
1164 3786 1225 3854 Sed
1251 3786 1291 3852 de
1319 3786 1462 3853 omuibus

402 3897 615 3980 scriptoribus,
638 3917 770 3982 quorum
790 3899 841 3964 vel
862 3917 900 3964 ex
920 3897 1080 3979 proposito
1101 3898 1151 3963 vet
1171 3896 1273 3963 obiter
1294 3895 1462 3978 Dionysius

472 4143 499 4212 1)
521 4142 675 4200 Alexandr.
694 4144 835 4198 Litoratur
853 4144 887 4211 11,
907 4143 968 4198 675.

470 4241 500 4310 2)
519 4242 563 4296 De
581 4241 702 4313 Dionysi
720 4241 981 4297 halicarnassensis
999 4241 1134 4298 librorum
1152 4237 1352 4294 rhetoricorum
1378 4236 1462 4292 sonti-

401 4340 462 4410 bus,
480 4339 618 4396 Monachii
639 4339 717 4395 1889.
