3268 4988
772 381 977 472 ...56-

343 565 419 638 ob're
429 568 640 657 χρήσασθαι,
662 567 748 636 ἀλλὰ
771 568 809 635 δι’
828 565 939 636 αὐτῶν
951 569 992 655 δὴ
1014 577 1080 635 τῶν
1093 567 1266 655 νοημάτων
1279 573 1335 635 καλ
1348 579 1404 658 τῆς

343 687 480 767 φυσικῆς
502 673 611 748 abbir
631 675 836 756 ἀκολουθίας
857 675 952 762 ἄγειν
980 678 1038 745 τὸν
1063 674 1229 768 ἀκροατὴν
1257 679 1343 769 πρὸς
1368 680 1405 747 τὸ

342 789 540 878 βούλευμα.“
584 791 723 871 Accedit,
746 791 828 874 quod
840 790 1115 857 familiarissimum
1127 789 1224 856 luisse
1233 791 1405 857 Caecilium

342 921 413 968 cum
435 901 584 984 Dionysio
605 901 729 984 aequali
759 901 877 966 maiore
903 906 981 966 natu
1006 900 1103 967 luisse
1132 902 1339 982 comperimus
1367 921 1406 966 ex

343 1013 479 1095 epistula
498 1012 539 1078 ad
561 1011 668 1093 Pomp.
689 1031 719 1094 p.
742 1016 801 1077 777
823 1013 860 1077 R.
882 1007 970 1096 (ἐμοὶ
984 1015 1097 1102 μέντοι
1118 1016 1175 1076 καὶ
1189 1017 1235 1101 τῷ
1256 1012 1405 1102 φιλτάτῳ

338 1124 502 1213 Καικιλίῳ
530 1123 723 1204 donaturi),
745 1131 779 1189 et
800 1140 870 1188 cum
891 1129 987 1189 antea
1014 1125 1184 1193 viderimus
1212 1127 1404 1210 Dionysium,

341 1234 425 1317 quod
446 1233 486 1298 de
508 1232 700 1315 Antiphonte
722 1232 926 1312 iudicaverat,
948 1241 1157 1302 commutasse
1178 1237 1405 1318 posterioribus

313 1421 318 1433 ‚
341 1343 439 1424 libris,
460 1343 517 1409 hoe
540 1341 674 1409 Caecilio
695 1349 823 1408 auctora
845 1342 963 1409 factum
986 1363 1056 1411 esse
1071 1347 1327 1412 verisimillimum
1344 1352 1402 1427 est,

337 1470 532 1538 quamquam
551 1470 650 1518 canon
679 1452 746 1534 ipse
775 1453 912 1518 nondum
939 1455 971 1518 in
998 1454 1156 1536 publicum
1184 1456 1287 1522 editus
1318 1463 1404 1523 erat:

342 1565 397 1631 sed
420 1563 575 1630 Caecilius
597 1582 633 1628 eo
663 1570 853 1644 pervenerat
887 1563 1000 1628 studiis
1028 1566 1058 1630 in
1087 1566 1264 1632 oratoribus
1290 1567 1404 1633 Atticis

342 1674 511 1753 collocatis,
531 1681 567 1739 nt
588 1672 780 1753 persuadere
807 1673 948 1754 potuerit
976 1674 1123 1756 Dionysio
1150 1694 1221 1741 eum
1248 1676 1288 1741 de
1314 1678 1404 1743 Anti-

341 1784 459 1866 phonte
478 1801 646 1864 perperam
667 1782 830 1848 iudicasse.
874 1782 963 1850 Unus
984 1793 1139 1865 superest,
1160 1804 1253 1867 quem
1275 1786 1404 1852 addubi-

342 1902 468 1960 tavere:
491 1892 675 1958 Andocides.
719 1892 818 1970 Quem
838 1893 1004 1976 Dionysius
1027 1894 1320 1978 (deThucyd.)una
1334 1914 1405 1962 eum

342 2003 535 2086 Antiphonte
557 2009 590 2068 et
611 2003 706 2086 Lysia
727 2002 853 2084 laudat,
876 2022 1007 2084 quorum
1019 2010 1187 2088 utrumque
1205 2007 1237 2071 iu
1253 1995 1405 2073 canonem

336 2119 487 2196 *receptos
508 2130 578 2178 esse
599 2113 756 2178 neminem
779 2113 877 2194 fugit:
906 2133 989 2196 ergo,
1017 2116 1043 2181 si
1065 2116 1233 2198 Dionysius
1254 2135 1403 2182 canonem

343 2223 582 2306 composuisset,
619 2241 689 2288 cum
724 2223 911 2305 recepisset3
939 2223 1012 2306 quid
1044 2225 1167 2307 mirum,
1197 2228 1223 2292 si
1249 2227 1404 2294 Caecilius

343 2353 414 2400 eum
440 2340 568 2400 secutus
589 2334 671 2400 huno
694 2352 816 2417 quoque
836 2340 994 2400 oratorem
1016 2335 1048 2399 in
1071 2354 1235 2402 numerum
1257 2338 1403 2420 redegit?

425 2445 500 2511 lam
522 2463 593 2510 cum
614 2442 654 2509 ad
677 2443 769 2509 finem
792 2443 885 2509 huius
906 2444 1141 2526 disceptationis
1166 2449 1404 2528 pervenerimus

341 2593 380 2604 -
404 2555 608 2637 nequeenim
631 2553 847 2636 quaestionem
869 2560 973 2635 tango,
995 2573 1068 2620 num
1090 2554 1244 2622 Caecilius
1260 2558 1307 2623 vir
1322 2559 1404 2626 tanti

341 2667 491 2732 momenti
513 2664 620 2745 luerit,
642 2669 678 2729 ut
700 2663 767 2729 eius
778 2664 999 2729 auctoritatem
1011 2663 1064 2728 alii
1076 2667 1164 2747 sequi
1179 2668 1341 2747 potuerint
1352 2705 1403 2750 -,

341 2776 556 2859 quaerendum
578 2781 637 2853 est,
659 2773 771 2857 quibus
793 2773 833 2838 de
856 2773 957 2839 causis
978 2774 1092 2856 singuli
1113 2782 1257 2844 oratores
1281 2780 1404 2861 recepti

342 2905 411 2952 esse
448 2884 580 2967 putandi
615 2885 687 2951 sint.
732 2883 848 2950 Fateor
882 2903 931 2950 me
962 2884 1259 2952 dissertatiunculae
1291 2889 1404 2955 Meieri

340 2997 374 3081 (l.
396 2997 417 3062 l.
433 2999 492 3063 120
502 3013 548 3078 sq.
559 2996 622 3079 sq.)
643 2995 880 3078 mcapplicare;
901 3002 935 3060 et
956 3013 1027 3060 oum
1040 2995 1274 3064 multaabundo
1289 2998 1404 3065 iudicia

341 3105 446 3171 afferri
467 3105 597 3186 possint,
619 3105 651 3170 id
673 3105 749 3170 mibi
770 3103 1052 3186 probabilissimum
1063 3105 1318 3175 videtureleotos
1333 3127 1403 3177 csse

340 3223 374 3283 et
395 3234 457 3296 eos,
481 3215 533 3300 qui
555 3213 745 3291 δικανικούς
767 3221 800 3280 et
820 3215 874 3298 qui
896 3216 1195 3299 συμβουλευτικούς
1225 3213 1402 3286 &malelel-

339 3347 451 3393 πεσαν
472 3323 600 3408 λόγους.
644 3325 714 3403 Qua
735 3324 774 3389 de
797 3343 892 3390 causa
913 3325 1070 3394 Demades
1091 3336 1238 3411 receptus
1261 3349 1320 3396 non
1336 3337 1403 3413 est;

339 3436 450 3518 nam1)
476 3454 532 3518 ,er
552 3434 651 3501 selbst
673 3435 762 3500 hatte
785 3452 819 3500 es
841 3435 1403 3518 versohmaht,seineAutoschedias·

340 3562 411 3611 men
440 3581 479 3594 -
508 3544 590 3610 deun
619 3545 725 3611 solche
755 3563 857 3610 waren
887 3546 976 3611 scine
1002 3547 1109 3613 Reden
1137 3549 1200 3614 last
1227 3550 1340 3616 immor
1361 3587 1402 3598 -

338 3654 591 3732 aufzuzeichnen,
614 3654 772 3722 vielleicht
793 3673 851 3722 aus
863 3656 1052 3739 Lassigkeit,
1071 3659 1230 3725 vielleicht
1242 3661 1322 3726 auch
1334 3661 1402 3727 weil

339 3785 375 3832 er
395 3772 520 3844 wusste,
546 3765 603 3831 uie
624 3764 700 3832 sehr
721 3765 1403 3851 solcheStegreilleistungendurchNieder-

341 3875 505 3943 schreiben
527 3895 566 3944 au
587 3876 742 3942 verlieren
765 3875 918 3958 pflegen.“

422 3986 553 4067 Recepti
574 3989 649 4052 sunt
669 3986 701 4068 ii,
722 3987 775 4069 qui
797 3987 1038 4072 unumquodque
1059 3989 1138 4056 artis
1152 3989 1275 4056 dicendi
1304 3989 1402 4074 genus

338 4095 431 4178 primi
454 4094 666 4162 adhibuerunt
687 4101 719 4162 et
741 4098 795 4178 qui
819 4097 902 4164 idem
930 4098 970 4163 ad
1005 4119 1159 4166 summum
1190 4101 1298 4167 florem
1331 4122 1402 4184 per·

338 4206 505 4285 duxeruut,

412 4361 440 4431 1)
459 4360 550 4429 Diels,
569 4359 668 4416 Rhoin.
688 4361 757 4417 blus.
778 4362 820 4416 29.
