3268 4988
714 349 892 411 ,9.-

275 541 393 601 πίνακι
414 537 479 619 oct)
500 535 695 616 inscribitur3
719 534 925 619 „Variorum“
948 541 1055 604 autem
1076 556 1215 604 normam
1239 557 1336 620 quan·

272 643 354 726 dam,
376 645 395 711 i.
419 664 446 711 e.
468 642 594 712 κανόνα
616 645 656 710 ad
682 645 869 712 imitandum
897 648 1091 730 propositum
1118 653 1152 715 et
1177 647 1216 714 ad
1244 667 1335 731 prae·

271 754 410 822 stantiae
432 755 556 822 laudem
578 755 733 838 digestam
755 775 816 822 non
838 773 931 838 posse
959 757 1101 839 componi
1127 757 1212 824 haud
1243 758 1335 824 facile

270 865 433 947 quisquam
454 865 591 948 negabit
614 865 703 944 Quae
714 884 784 932 cum
795 865 842 932 ita
856 866 930 949 aiut,
942 866 1135 949 Callimachi,
1150 871 1332 952 ,Iltvaarc“

270 973 347 1040 nihil
379 975 439 1042 nisi
470 974 677 1043 bibliothecae
709 975 887 1056 catalogum
919 977 1016 1044 luisse
1048 985 1199 1059 apparot;
1232 995 1334 1060 neque

270 1085 353 1150 enim
385 1084 478 1152 aliter
491 1073 660 1168 'Tzetzae,
694 1103 774 1168 quae
810 1086 1030 1168 excitavimus,
1064 1088 1162 1154 verba
1191 1088 1334 1169 intellegi

268 1201 417 1275 possunt:
443 1200 500 1260 aut
520 1195 679 1262 delectum
702 1201 735 1262 el
756 1214 876 1263 canona
898 1197 988 1263 dedit
1006 1196 1227 1277 Callimachus,
1251 1197 1332 1279 quod

267 1323 304 1369 re
325 1323 400 1370 vera
422 1303 540 1372 lactum
561 1323 622 1372 non
652 1323 722 1372 esse
749 1306 1044 1386 demonstravimus,
1070 1310 1126 1373 aut
1155 1307 1331 1388 catalogum

267 1415 442 1496 composuit
461 1433 564 1499 neque
585 1415 754 1499 quidquam
774 1416 890 1497 obstat,
921 1417 1087 1501 quominus
1106 1416 1188 1482 hano
1206 1425 1333 1482 senten-

267 1524 344 1590 tiam
387 1525 625 1607 amplectamur.
683 1525 833 1608 Sequitur
873 1525 1064 1593 Callimacho
1102 1543 1173 1592 cum
1214 1544 1333 1592 canone

267 1636 542 1715 grammaticorum
564 1635 851 1702 Menarrdn'norum
872 1637 991 1703 nullam
1012 1655 1081 1703 rem
1103 1654 1182 1704 esse.

349 1745 452 1812 Aliter
491 1747 635 1812 sentiunt
667 1746 877 1830 Hartmannl)
923 1753 957 1813 et
998 1745 1070 1813 Did.
1112 1745 1286 1812 Volkmann
1294 1750 1331 1830 ²).

267 1856 372 1938 Atque
398 1855 576 1923 Hartmann
609 1856 651 1940 (p.
674 1859 709 1940 4)
738 1875 776 1923 ex
803 1876 849 1938 oo,
878 1856 960 1940 qnod
994 1856 1162 1939 Dionysius
1188 1856 1330 1922 Halicar-

266 1967 425 2034 nassensis
448 1967 541 2034 donet
570 1967 615 2048 (in
642 1965 756 2034 iudicio
782 1967 823 2033 de
851 1967 1010 2034 Dinarcho
1036 1967 1112 2047 lato,
1139 1983 1206 2049 cap.
1230 1967 1262 2048 1)
1289 1967 1331 2053 ad

265 2077 424 2144 orationes
446 2081 535 2143 recte
550 2076 754 2143 diudicandas
766 2095 846 2158 opus
857 2095 927 2143 esse
948 2084 982 2144 et
1003 2082 1152 2143 accurata
1171 2077 1211 2143 de
1222 2085 1329 2143 aetate

264 2187 401 2254 auctoris
421 2186 607 2268 quaestione
628 2192 662 2253 et
683 2186 796 2252 indolis
810 2186 1053 2269 descriptionoil
1075 2204 1205 2253 necesse
1219 2187 1328 2268 utique

265 2315 336 2364 ease
357 2297 452 2378 cogit,
474 2295 590 2379 siquis
612 2314 672 2363 nou
695 2301 817 2362 temere
838 2295 878 2361 de
898 2297 1052 2378 scriptore
1065 2296 1169 2378 aliquo
1179 2295 1327 2362 indicium

265 2406 351 2473 ierne
372 2405 478 2486 vellet,
498 2425 569 2472 eum
593 2406 702 2472 eadem
724 2406 896 2488 procedere
918 2407 977 2473 via.
1021 2406 1083 2474 Sed
1105 2407 1159 2489 qui
1189 2405 1326 2472 omnium

262 2515 380 2598 optime
391 2515 432 2582 de
441 2515 627 2584 Callimachi
638 2515 839 2601 ,pinacibus“
855 2516 1067 2598 ogit,Curtius
1079 2515 1284 2584 Wachsmuth
1292 2520 1326 2596 ⁴),

262 2625 491 2692 demonstravit
512 2625 738 2693 Callimachum
759 2626 792 2691 in
825 2631 917 2693 tanta
946 2625 1096 2693 libromm
1125 2625 1327 2692 multitudine

262 2754 322 2803 non
344 2735 484 2818 potuisse
506 2737 679 2819 explorare,
702 2735 776 2818 quid
789 2736 968 2817 genuinum,
988 2735 1063 2818 quid
1074 2736 1216 2818 spurium
1230 2743 1324 2815 esset,

261 2845 317 2912 sed
339 2847 418 2914 satis
439 2847 587 2914 habuisse
609 2845 737 2927 addere,
759 2847 787 2912 si
809 2846 883 2929 quid
904 2845 944 2912 ab
959 2845 1065 2928 aliquo
1074 2846 1107 2912 in
1117 2845 1325 2929 suspicionem

260 2963 404 3022 vocatum
426 2962 505 3023 erat
547 2957 596 3022 De
616 2956 815 3024 institutione
836 2956 927 3022 unius
947 2956 998 3023 vel
1020 2955 1153 3022 alterius
1182 2955 1253 3021 libri
1275 2956 1324 3020 hic

258 3065 322 3132 illic
344 3066 470 3133 videtur
491 3066 587 3133 verba
608 3066 768 3132 addidisse
790 3065 1009 3148 Callimachus,
1037 3066 1077 3132 de
1096 3065 1201 3132 indole
1230 3065 1324 3131 ullius

258 3176 421 3259 scriptoris
438 3176 523 3242 idem
545 3195 617 3244 eum
639 3176 751 3244 iecisse
772 3177 859 3243 nullo
879 3177 971 3244 modo
981 3181 1089 3258 potest
1103 3176 1324 3242 demonstrari.

258 3286 399 3366 Accedit,
420 3287 501 3370 quod
524 3289 592 3355 eius
615 3288 741 3369 generis
766 3306 818 3354 res
850 3307 911 3354 non
931 3293 1007 3355 sunt
1034 3287 1210 3367 catalogum
1241 3295 1324 3372 com-

256 3397 394 3479 pilentis.

341 3507 461 3574 Audaci
482 3506 618 3590 quadam
639 3508 890 3591 syllogismorum
910 3508 994 3575 serie
1013 3506 1189 3574 Volkmann
1219 3509 1252 3591 (l.
1281 3507 1323 3591 c.)

257 3617 429 3698 perductus
462 3625 521 3696 ost,
556 3625 594 3684 ut
628 3623 776 3695 πίνακας
810 3635 964 3683 canonem
998 3635 1070 3683 esse
1105 3617 1323 3684 contenderet.

329 3809 357 3876 1)
376 3809 408 3863 P.
427 3807 591 3875 Hartmann,
611 3808 654 3862 Do
673 3823 779 3862 canone
798 3808 894 3862 docem
913 3811 1062 3875 oratorum,
1073 3806 1228 3875 Gottingae
1245 3807 1322 3866 1889.

327 3907 357 3974 2)
377 3906 442 3960 Did.
462 3905 622 3961 Volkmann
651 3906 694 3961 Do
712 3905 815 3961 Suidao
834 3905 1024 3976 biographiois
1044 3905 1089 3976 (I).
1108 3905 1223 3960 Bonnao
1244 3904 1321 3972 1861,

255 4023 281 4075 p.
301 4004 336 4059 24
355 4021 397 4074 sq.

326 4103 357 4173 3)
377 4104 492 4173 Dionys.
511 4102 602 4159 Halio.
615 4103 725 4160 deDin.
737 4119 799 4174 cap.
819 4105 848 4158 1:
867 4099 1101 4176 Ἦγησάμηνδειν
1120 4140 1128 4155 .
1148 4140 1155 4157 .
1176 4143 1182 4157 .
1201 4103 1322 4176 καὶπερὶ

254 4207 305 4255 τοῦ
323 4207 384 4274 βίον
404 4206 451 4257 καὶ
470 4205 518 4257 ταῖν
537 4207 713 4277 χαρακτῆρος
732 4202 818 4258 αὐτοῖν
838 4204 970 4267 διελθεῖν,
989 4204 1035 4256 καὶ
1054 4205 1108 4257 oct.

325 4303 355 4370 l)
375 4302 478 4357 Philol.
498 4303 573 4371 XVI,
593 4320 619 4372 p.
638 4303 691 4356 653
710 4319 806 4372 aq.sq.
