3268 4988
739 421 945 484 ..20-

394 609 428 692 b)
449 611 528 676 Tres
549 609 663 676 deinde
685 605 865 676 comoediae
895 627 1013 692 genere
1040 605 1378 691 distinguuotnrspri-

311 739 409 800 scum,
432 720 580 800 medium,
601 722 755 802 recens1).

396 831 429 913 l)
450 829 578 897 Veteris
599 829 783 912 discipliuae
807 829 934 913 (poetae
950 829 1032 913 scil.)
1052 827 1203 895 iocularia
1223 826 1378 911 quaedam

311 940 414 1007 minus
445 941 524 1005 scite
557 948 591 1007 et
622 945 755 1006 venuste
788 938 1034 1021 pronuntiabant
1056 938 1229 1022 (Suaarion,
1251 937 1377 1016 Mullus,

311 1049 470 1133 magnas),

393 1160 428 1243 2)
450 1157 573 1226 medias
595 1206 602 1221 .
625 1205 634 1223 .
657 1208 664 1222 .
689 1160 723 1221 et
757 1153 931 1237 principum
968 1155 1046 1220 vitia
1077 1158 1192 1224 sectati
1213 1156 1377 1224 acerbissi-

312 1287 381 1336 mas
403 1266 581 1336 comoedias
603 1269 847 1346 composnerunt
867 1264 1119 1346 (Aristophanes,
1140 1267 1280 1350 Eupolis,
1302 1269 1378 1336 Ora-

312 1381 422 1460 tinus),

394 1491 428 1573 3)
450 1486 634 1566 Menander,
656 1484 813 1566 Diphilus,
836 1482 1008 1562 Philemon,
1037 1486 1091 1567 qui
1111 1505 1235 1554 omnem
1258 1486 1377 1554 acerbi-

312 1607 412 1667 tatem
433 1597 611 1666 comoedice
633 1594 868 1676 mitigaverunt.

394 1709 513 1777 Similia
533 1707 630 1774 habet
643 1706 775 1771 Taetzes
797 1705 890 1788 (περὶ
909 1705 1076 1793 διαφορᾶς
1096 1709 1158 1773 336
1180 1707 1323 1791 Cramer)
1345 1715 1379 1776 et

311 1823 356 1888 illi
374 1827 527 1905 quattuor
547 1817 676 1896 indices,
698 1833 777 1900 quos
798 1834 827 1896 p.
848 1818 890 1882 28
904 1833 971 1899 sqq.
994 1817 1216 1883 excitavimus:

365 1933 397 2014 1)
418 1930 549 2012 antiqua
570 1924 731 1994 comoedia
751 1943 832 2009 quae
855 1918 1016 2012 ὀνομαστὶ
1036 1923 1262 2017 ἐκωμῴδησεν,

363 2042 397 2126 2)
418 2038 532 2120 media,
553 2056 635 2122 quae
658 2033 910 2122 αἰνιγματωδῶς
931 2031 1156 2126 ἕκωμῴδησεν,

364 2151 398 2235 3)
419 2167 531 2217 recens
552 2166 643 2232 quae,
668 2132 784 2223 ξένούς
805 2150 862 2211 καὶ
883 2145 1037 2230 πτωχούς
1058 2147 1258 2228 perstrinxit.

312 2243 402 2328 Hanc
422 2265 588 2342 poetarum
609 2254 854 2339 dispositionem,
876 2257 1018 2340 quamvis
1039 2256 1219 2323 testimonia
1239 2257 1324 2323 inter
1343 2276 1379 2324 se

312 2391 374 2450 non
394 2374 578 2450 oongmant,
612 2373 720 2433 tamen
751 2364 867 2447 ubique
885 2364 926 2431 ad
948 2384 1055 2431 rerum
1077 2365 1118 2432 ab
1139 2366 1233 2433 huius
1253 2365 1379 2449 generis

312 2483 414 2564 poetis
434 2484 645 2546 tractatarum
659 2475 878 2542 diversitatem
898 2475 1082 2543 institutum
1103 2495 1174 2544 esse
1195 2477 1287 2545 facile
1307 2498 1379 2563 per·

312 2592 454 2675 spiritur.

396 2701 426 2785 c)
449 2699 519 2767 Duo
550 2696 652 2763 solum
682 2712 801 2777 genera
827 2694 1005 2761 comoediae
1030 2696 1269 2779 distinguuntur
1295 2699 1379 2782 apud

313 2811 495 2892 Dionysium
519 2805 865 2890 Haucamassensemp
894 2811 928 2872 et
949 2805 1173 2884 Quintilianum
1198 2809 1250 2890 (Χ,
1274 2813 1302 2890 1,
1325 2811 1378 2891 66)

314 2929 347 2987 et
379 2921 411 2986 iu
428 2916 661 3000 ,Aristophanis
694 2915 760 2981 vita
792 2915 1039 2998 (Westermann,
1060 2918 1164 3000 Biogr.
1186 2938 1217 3000 p.
1240 2922 1313 2995 135)
1346 2925 1379 2984 et

314 3030 397 3114 apud
419 3027 624 3094 Plutarchum
633 3027 669 3106 3).
712 3025 760 3090 De
791 3024 850 3090 hac
880 3024 1030 3091 divisione
1057 3026 1204 3112 Kaibel⁴)
1232 3029 1312 3095 haec
1334 3028 1378 3094 di-

298 3141 371 3206 cit:
393 3139 500 3222 ,Genu
523 3135 641 3202 andere
663 3133 932 3218 Gesichtspunkte
956 3136 1014 3218 [als
1036 3154 1081 3201 wo
1105 3156 1163 3202 von
1187 3138 1273 3204 einer
1287 3138 1378 3204 Drei-

314 3251 436 3331 teilung
457 3247 515 3313 der
535 3244 688 3311 Komddie
708 3244 902 3327 gesprochen
924 3245 1013 3326 wird]
1041 3251 1147 3312 treteu
1169 3267 1228 3314 uns
1257 3248 1377 3315 dherell

314 3360 355 3426 da
377 3365 544 3440 entgegen,
567 3374 612 3421 wo
631 3373 690 3420 von
714 3353 802 3420 einer
823 3353 1029 3437 zweiteiligen
1051 3355 1204 3423 Komddie
1226 3357 1276 3423 die
1291 3358 1378 3424 Rede

313 3472 425 3536 ist...
451 3455 596 3533 Dieselbe
617 3463 976 3546 literargeschichtliche
999 3467 1210 3550 Auschauung
1238 3468 1307 3551 [wie
1328 3469 1378 3534 bei

315 3581 431 3662 Dionys
452 3577 515 3643 und
538 3574 723 3656 Quintilian]
744 3573 843 3641 findet
869 3574 936 3640 sich
957 3574 1052 3640 sehon
1075 3574 1124 3641 bei
1145 3577 1228 3643 Vell.
1254 3578 1377 3646 Patere.

315 3681 339 3770 i,
362 3691 411 3768 16,
433 3691 453 3754 3
475 3738 482 3753 .
508 3741 514 3753 .
536 3736 545 3752 .
567 3685 626 3751 Die
648 3684 846 3768 sprachliche
867 3685 1276 3768 Untersuchuugsmethode
1302 3688 1377 3770 geht

314 3799 401 3865 nicht
421 3816 480 3864 von
502 3797 564 3863 den
585 3793 839 3860 Alexandrinern
861 3812 928 3876 aus,
951 3795 1001 3862 die
1023 3795 1103 3862 wohl
1126 3796 1377 3882 Abweichungen

385 3972 414 4040 1)
433 3969 585 4026 Diomedes
605 3968 800 4040 (Grammatici
822 3971 923 4038 Latini,
944 3971 978 4025 ed
997 3972 1073 4042 Keil)
1092 3973 1114 4042 Ι,
1131 3972 1193 4029 488.

385 4071 413 4140 2)
433 4067 483 4125 ot'r.
500 4068 615 4138 Usener,
635 4070 654 4125 1.
674 4085 697 4124 c.
717 4087 743 4141 p.
762 4069 805 4125 21.

385 4170 415 4238 3)
435 4166 621 4234 Quaestionos
648 4169 844 4240 symposiaoae
861 4168 922 4235 Vll,
950 4168 977 4238 8,
1004 4169 1057 4224 lta
1085 4171 1309 4228 rab-Berndakis
1328 4173 1376 4239 lV,

313 4269 418 4338 289sq.

385 4368 415 4437 t)
434 4367 551 4424 Hermos
571 4367 613 4436 ul,
633 4367 676 4424 59.
