3268 4988
750 439 991 524 --ra-'

321 665 438 731 genere
468 664 564 713 causa
585 652 698 729 poetae
721 648 861 730 exempti
882 655 966 730 sunt,
991 648 1166 717 imitatione
1196 657 1230 717 et
1251 651 1383 717 lectione

321 757 495 839 dignissimi
517 757 592 840 eligi
612 764 777 840 poterant.¹

404 865 483 932 Cum
504 884 656 933 novorum
677 866 811 934 fontium
840 869 1062 935 auctoritatem
1090 887 1151 934 non
1178 870 1332 951 possimus
1352 873 1384 936 in

321 994 412 1044 usum
433 994 558 1058 vocare,
587 976 637 1042 his
668 977 810 1045 omnibus
831 979 987 1060 reputatis
1017 977 1049 1044 id
1079 978 1160 1046 ellici
1183 979 1330 1060 videtur,
1349 986 1385 1049 ut

321 1087 361 1154 ad
381 1086 565 1154 imitationis
595 1085 705 1160 finem,
723 1105 872 1154 canonem
899 1087 1097 1169 potissimum
1124 1087 1170 1155 eis
1191 1090 1384 1172 propositum

322 1215 392 1264 esse
413 1214 609 1278 censeamus,
632 1198 685 1279 qui
706 1203 820 1264 turn-
833 1202 908 1264 sunt
920 1203 1028 1264 autem
1042 1215 1150 1264 omnes
1161 1199 1303 1266 homines
1315 1219 1385 1268 eru-

321 1307 381 1374 diti
411 1308 639 1391 literarumque
672 1307 786 1375 studiis
819 1308 999 1375 exculti-
1033 1308 1151 1375 maiore
1183 1310 1233 1375 vel
1266 1310 1385 1376 minore

320 1436 467 1484 successu
497 1423 567 1484 arte
588 1417 713 1500 poetica
733 1418 888 1484 excellere
916 1418 1104 1499 studebant3
1135 1424 1249 1500 poetae
1281 1419 1385 1486 imita·

321 1529 406 1595 tione
432 1533 466 1594 et
494 1526 628 1595 lectione
661 1526 833 1610 dignissimi
866 1528 959 1594 alecti
985 1535 1059 1595 sunt
1086 1547 1188 1610 neque
1214 1543 1382 1612 possumus

322 1637 494 1705 concedere
514 1637 669 1720 Naeln01)
691 1636 723 1701 id
742 1643 903 1719 spectasse
924 1638 1051 1704 canonis
1072 1644 1227 1720 auctores,
1259 1645 1315 1722 ,ut
1334 1658 1385 1707 re·

322 1749 512 1832 ciperentur,
534 1747 587 1830 qui
608 1746 733 1831 aliquod
753 1746 911 1815 scribendi
932 1765 1032 1828 genus
1053 1747 1107 1814 diu
1122 1748 1300 1829 neglectum
1316 1768 1385 1817 rur-

322 1877 376 1926 sus
397 1857 528 1940 aggredi
561 1862 594 1925 et
625 1856 845 1939 redintegrare
877 1856 956 1924 bono
983 1857 1111 1924 consilio
1140 1875 1287 1925 successu
1309 1876 1384 1941 qno-

322 1985 456 2050 cumqua
482 1974 515 2035 et
541 1967 656 2049 insigni
683 1972 788 2033 umen
821 1967 968 2049 exemplo
988 1966 1213 2034 studuissemus
1255 1966 1387 2035 Accedit

322 2078 405 2162 quod
429 2077 573 2160 plerique
597 2083 711 2159 poetae
734 2077 847 2143 Graeci
875 2078 1083 2159 posteriorum
1113 2083 1255 2144 aetatum
1276 2078 1387 2145 arche-

323 2189 389 2272 typi
410 2187 580 2268 cuiusdam‚
604 2193 640 2253 ut
659 2187 705 2253 ita
727 2185 838 2265 dicam,
861 2188 1041 2269 exemplum
1067 2189 1168 2255 secuti
1197 2195 1271 2255 sunt
1293 2186 1383 2254 clari-

323 2318 384 2382 que
415 2297 576 2365 culusdam
607 2303 720 2380 poetae
753 2297 878 2363 maioris
910 2303 987 2364 natu
1020 2297 1153 2379 vestigia
1184 2305 1385 2379 presserunt:

322 2410 414 2493 pauci
435 2409 560 2492 quidam
580 2426 695 2474 novum
724 2407 1084 2491 inauditumque-genus
1105 2407 1197 2490 primi
1220 2409 1387 2475 coluerant

324 2526 358 2587 et
379 2539 421 2586 ex
443 2538 480 2586 eo
500 2538 577 2601 praa
598 2521 714 2585 ceteris
740 2519 966 2586 inclaruerunt.
1010 2518 1090 2598 Quid
1118 2519 1241 2600 mirum,
1269 2519 1304 2600 si,
1334 2520 1387 2602 qui

324 2631 441 2697 ceteris
461 2629 673 2695 recentiomm
696 2633 836 2695 aetatum
859 2629 961 2711 poetis
983 2629 1129 2711 exemplo
1158 2627 1285 2695 fuerant
1311 2635 1387 2695 ante

324 2757 474 2807 canonem
495 2740 710 2818 constitutum,
738 2744 806 2804 tum
828 2757 903 2804 vero
929 2738 1143 2821 grammaticis
1165 2738 1388 2805 Alexandrinis

324 2867 447 2917 summa
476 2847 570 2916 laude
600 2848 687 2930 digni
719 2847 930 2915 videbantur?
980 2848 1073 2916 Multi
1098 2866 1175 2915 sane
1203 2849 1265 2915 iam
1292 2855 1387 2915 antea

324 2959 488 3026 clarissimi
515 2961 696 3042 poetae-
722 2958 814 3024 etin
841 2975 881 3025 eo
908 2976 1038 3026 numero
1067 2959 1088 3024 ii
1116 2976 1239 3041 qnoque
1265 2976 1385 3024 summa
1420 2963 1424 2972 '

324 3070 514 3136 auctoritate
535 3068 685 3135 florentes
702 3067 790 3147 sunt,
817 3068 870 3150 qui
891 3087 1005 3136 novum
1027 3068 1106 3135 artis
1127 3086 1227 3150 genus
1248 3087 1310 3134 non
1332 3088 1387 3134 ex·

324 3186 559 3264 presserant-
577 3185 645 3246 tum
665 3179 790 3245 illomm
810 3178 1043 3245 duumvirorum
1058 3178 1172 3244 studiis
1192 3179 1225 3243 in
1246 3178 1388 3246 ordinem

324 3290 446 3357 redacti
467 3295 550 3370 sunt,
572 3307 674 3372 nequo
695 3288 904 3357 dubitaverim
925 3288 1097 3355 concedere
1111 3289 1230 3372 optima
1244 3306 1388 3370 quaeque

324 3418 421 3483 opera
441 3382 655 3480 grammaticis
675 3398 770 3481 digna
792 3399 857 3464 visa
887 3416 966 3479 esse,
994 3417 1075 3482 quae
1101 3397 1207 3480 pueris
1229 3399 1260 3464 in
1281 3397 1389 3465 schola

325 3508 508 3578 sedentibus
539 3509 744 3580 offerrentur:
776 3508 833 3576 sed
865 3527 967 3591 neque
986 3509 1100 3588 omnia,
1130 3509 1204 3576 licet
1224 3513 1388 3591 praestan·

328 3621 456 3702 tissime,
480 3625 555 3702 apta
576 3626 659 3701 sunt,
683 3637 763 3702 quae
784 3619 892 3701 pueris
921 3618 1036 3685 dentur
1064 3637 1165 3702 neque
1186 3618 1218 3684 id
1240 3617 1279 3686 ab
1300 3618 1389 3685 initio

325 3731 494 3814 appetiisse
516 3730 642 3797 canonis
661 3734 808 3796 auctores
827 3729 902 3795 mibi
925 3747 1109 3810 persuasum
1133 3735 1192 3797 est.

409 3841 531 3920 Restat,
552 3845 590 3907 ut
610 3858 808 3922 quaeramus,
841 3841 967 3922 quinam
986 3844 1100 3921 poetae
1118 3840 1239 3921 recepti
1260 3838 1387 3904 luerint.

411 3953 514 4032 Atque
530 3951 663 4032 epicos
682 3949 807 4032 quidem
820 3954 930 4032 poetas
941 3956 1085 4031 receptos
1095 3949 1191 4016 fuisse
1207 3949 1388 4027 Homerum,

325 4060 506 4142 Hesiodum,
529 4060 758 4140 Antimachum,
773 4060 930 4144 Panyasin
945 4078 1067 4126 summa
1081 4078 1152 4126 cum
1166 4057 1388 4141 probabilitate

326 4191 364 4238 ex
386 4169 577 4250 Quintiliano
599 4171 651 4255 (x,
675 4174 703 4251 1,
724 4170 860 4254 46-54)
893 4169 1120 4250 concludimus3
1156 4186 1213 4234 cnr
1245 4168 1388 4251 quintum

335 4313 545 4322 ρο...-

398 4398 426 4468 1)
446 4399 489 4453 Da
508 4397 637 4454 choerilo
656 4397 757 4466 Samio,
778 4396 846 4451 1817
866 4415 892 4468 p.
912 4399 954 4452 61.
