3268 4988
688 308 939 402 ἠν--

311 531 516 614 grammatici,
539 513 743 596 ut'auctores
765 530 842 596 alios
863 529 894 594 in
917 529 1057 626 ordinem
1080 529 1271 611 redegerint,
1296 529 1373 596 alios

313 642 438 708 omnino
460 641 629 722 exegerint
651 640 811 706 numero.“

396 751 529 816 Praeter
557 751 635 816 haec
657 749 839 828 Quintiliani
869 749 1049 815 testimonia
1075 750 1251 832 complures
1278 751 1374 833 scrip·

311 844 414 928 torum
446 860 565 926 indices
597 865 735 926 exstant.
779 861 847 939 Quo
877 859 910 924 in
942 879 1072 925 numero
1105 866 1153 926 est
1182 861 1213 942 1)
1235 859 1337 926 Procli
1349 863 1374 940 ¹)

310 977 476 1054 poetarum
496 971 700 1050 enumeratio,
723 969 926 1052 qui‘singulis
947 970 1026 1036 artis
1047 971 1190 1052 poeticae
1206 969 1375 1052 generibus

311 1081 518 1163 pertractatis
549 1079 676 1163 quinam
701 1079 734 1145 in
755 1079 813 1145 hoc
843 1097 959 1161 genere
980 1079 1153 1162 floruerint,
1186 1079 1293 1162 docet;
1326 1099 1375 1146 re·

312 1193 459 1257 feruntur
563 1171 574 1231 ²·
748 1191 752 1200 “

356 1301 395 1383 α)
415 1302 447 1366 in
483 1282 616 1382 generev
634 1301 735 1382 epico:
766 1295 916 1386 Ὅμηρος,
948 1297 1116 1377 Ἡσίοδος,
1152 1299 1374 1386 Πείσανδρος,

418 1409 607 1488 Πανύασις,
624 1405 830 1494 Ἀντίμαχος.

361 1520 398 1604 β)
420 1522 451 1585 in
474 1537 591 1602 genere
613 1519 766 1601 elegiaco:
796 1520 884 1600 λέγει
912 1519 992 1601 (scil,
1021 1517 1184 1605 Πρόκλος)
1214 1519 1377 1584 Καλλῖνον

418 1653 455 1696 τε
485 1628 543 1695 τὸν
569 1623 718 1713 Ἐρέσοον
750 1633 806 1694 καὶ
836 1635 1037 1712 Μίμνερμον
1067 1627 1124 1693 τὸν
1147 1626 1376 1713 Κολοφώνιον·

317 1779 319 1784 ,
419 1735 523 1806 ἄλλα
555 1745 624 1804 καὶ
656 1739 713 1804 τὸν
746 1740 898 1824 Τηλέφου
935 1741 1082 1822 Φιλητᾶν
1112 1737 1169 1803 τὸν
1198 1745 1291 1826 Κῷον
1322 1741 1378 1801 καὶ

422 1851 636 1933 Καλλίμαχον
659 1847 716 1914 οόν
736 1846 882 1914 Βάττου.
960 1922 962 1926 ,

364 1961 398 2043 χ)
421 1959 452 2024 in
474 1958 600 2024 iambis:
620 1955 820 2045 Ἀρχίλοχος,
843 1959 1033 2044 Σιμονίδης,
1050 1947 1236 2033 Ἱππῶναξ.

397 2070 514 2148 Cetera
542 2069 659 2152 lyricae
688 2088 782 2151 quam
810 2077 923 2136 vocant
949 2071 1052 2151 poesis
1081 2087 1199 2150 genera
1227 2066 1379 2156 aProclo

315 2185 463 2246 accurate
485 2177 726 2263 distribuuntur,
755 2179 880 2245 nomina
909 2178 1184 2245 celeberrimorum
1215 2183 1381 2244 auctorum

316 2307 377 2356 non
399 2289 567 2356 adduntur.
600 2287 734 2355 Nomina
753 2290 889 2356 omnium
904 2294 1079 2371 poetarum,
1099 2307 1177 2372 quos
1189 2287 1380 2366 rettulimus,

231 2447 234 2452 ⁵
316 2418 413 2482 supra
438 2406 578 2466 aetatem
602 2398 848 2465 Alexandrinam
879 2401 1022 2480 redeunt,
1052 2399 1098 2465 ita
1127 2393 1245 2465 utnon
1268 2415 1381 2480 repug-

316 2513 393 2576 nent
423 2509 470 2576 illi
498 2508 562 2590 legi
594 2527 613 2574 a
642 2509 834 2589 Quintiliano
867 2510 1022 2591 traditae;
1053 2511 1084 2575 in
1118 2509 1220 2591 poetis
1253 2507 1382 2590 elegiaci

317 2619 464 2686 carminis
499 2619 719 2685 enumerandis
748 2619 844 2686 verba
877 2619 933 2684 illa
966 2615 1072 2703 „oillei
1106 2619 1182 2684 καὶα
1216 2637 1257 2684 ex
1288 2618 1383 2685 fontis

317 2729 503 2795 diversitate
524 2727 666 2811 profecta
688 2747 758 2794 esse
779 2729 811 2794 in
831 2730 998 2812 propatulo
1022 2734 1079 2795 est.
1125 2729 1212 2807 Quae
1240 2746 1309 2795 cum
1337 2727 1384 2794 ita

317 2840 390 2920 sint,
412 2838 558 2904 Proclum
590 2857 610 2902 a
642 2839 856 2919 grammaticis
879 2838 1102 2905 Alexandrinis
1133 2838 1273 2920 pendere
1305 2839 1383 2904 satis

318 2947 479 3032 probabile
501 2947 644 3014 videtur:
677 2949 736 3014 hoc
768 2967 831 3014 uno
863 2950 930 3016 loco
962 2968 997 3015 se
1030 2967 1083 3016 eos
1115 2966 1176 3015 non
1208 2947 1297 3031 sequi
1324 2947 1383 3014 sibi

319 3058 461 3126 conscius
482 3063 540 3124 est.
1059 3085 1060 3088 ¹

390 3170 548 3235 incertae
571 3167 699 3250 originis
720 3175 754 3234 et
777 3169 976 3235 auctoritatis
999 3175 1088 3235 sunt:

401 3277 626 3362 mitteremus
657 3275 864 3345 Coislinianus
895 3279 961 3345 sive
988 3277 1258 3360 Montelalconius,
1291 3297 1384 3361 quem

321 3389 445 3455 Usener
455 3388 484 3472 ²)
506 3387 561 3468 eis,
591 3405 671 3470 quae
693 3395 869 3471 temporum
891 3388 1045 3455 rationem
1067 3387 1235 3468 excedunt,
1257 3388 1385 3454 succisis

321 3517 443 3564 merum
464 3498 739 3580 grammaticorum
755 3498 1040 3565 Alexandrinorum
1063 3516 1214 3565 canonem
1236 3517 1307 3565 esse
1328 3517 1384 3580 pu-

322 3609 410 3674 tavit.
452 3607 514 3674 Sed
542 3614 576 3674 et
604 3625 758 3690 nusquam
784 3607 862 3675 haec
890 3609 977 3689 origo
1004 3608 1142 3676 traditur
1163 3616 1196 3675 et
1216 3609 1313 3691 ipsius
1334 3627 1386 3674 ar-

323 3718 416 3785 bitrio
436 3716 574 3797 demere,
596 3735 677 3800 quae
699 3737 760 3785 non
783 3726 858 3801 apta
872 3719 1028 3799 videntur,
1049 3719 1199 3786 audacius
1221 3726 1271 3786 est
1292 3737 1383 3801 quam

321 3834 359 3896 ut
379 3826 504 3909 probari
526 3827 634 3910 possit.

396 4065 424 4132 1)
444 4061 569 4121 (ioniam
588 4064 746 4138 Westphnl‚
759 4065 916 4135 Scriptores
927 4065 1037 4120 matrici
1048 4065 1147 4122 Graeci
1160 4067 1179 4134 l,
1200 4066 1269 4120 1856
1287 4083 1314 4136 p.
1324 4067 1385 4135 230,

324 4161 386 4230 242,
405 4163 466 4219 ale.

395 4261 425 4329 ο)
445 4261 528 4316 oron.
546 4261 610 4317 sar.
630 4261 693 4316 reor.
714 4261 749 4314 ae
770 4261 838 4316 imit.
858 4262 920 4317 ren.
939 4263 1054 4317 sannae
1074 4247 1143 4318 rasa
1161 4281 1188 4334 p.
1210 4263 1269 4317 130.
