3268 4988
676 380 875 445 „53-

246 567 393 649 erempla
427 587 486 634 usa
519 587 582 634 non
617 575 718 636 erant
772 571 856 652 Ergo
889 573 957 638 illis
989 574 1182 655 temporibus
1215 575 1310 640 decas

244 688 407 744 oratorum
430 679 567 745 noudum
588 679 658 748 1111.
700 681 841 763 Accedit,
861 682 944 764 quod
966 683 999 748 in
1010 683 1064 750 illo
1074 683 1218 750 Panaetii
1232 685 1309 766 loco,

244 807 338 871 quem
360 788 461 855 Meier
483 789 516 871 (l.
540 789 724 873 l.)'cxcitat,
747 792 951 858 Demostheni
972 793 1058 860 locus
1072 795 1218 875 princeps
1234 813 1309 860 non·

245 898 319 964 dum
341 898 445 980 datur,
472 917 565 981 quem
598 919 670 966 eum
700 900 783 983 apud
816 901 998 968 Ciceronem
1029 909 1209 970 assecutum
1239 923 1309 972 esse

244 1009 429 1076 invenimus.
472 1009 544 1076 lam
566 1010 708 1076 videmus
729 1011 956 1093 pedetemptim
977 1015 1116 1079 omnium
1133 1015 1309 1080 sententias

245 1118 450 1186 Demostheni
472 1117 610 1202 palmam
632 1120 768 1186 deterre.

327 1229 488 1308 Quantum
510 1230 549 1296 ad
571 1232 751 1298 Ciceronem
765 1239 797 1299 et
812 1232 1002 1315 Dionysium,
1024 1233 1136 1316 quibus
1147 1234 1222 1316 ipsis
1233 1252 1309 1317 quo·

244 1358 305 1423 que
328 1359 436 1421 canon,
457 1341 484 1407 si
505 1342 630 1423 fuisset,
652 1350 744 1408 notus
765 1342 862 1408 luisse
884 1343 1031 1421 debebat,
1061 1345 1177 1425 optime
1204 1345 1308 1412 Weiss

245 1451 401 1532 exposuit,
433 1452 587 1534 quomodo
617 1471 670 1518 res
693 1471 728 1518 se
761 1452 877 1520 habeat
905 1457 949 1535 (p.
977 1453 1048 1538 Del:
1092 1456 1146 1534 ,Ac
1173 1473 1212 1520 ne
1239 1455 1308 1536 quis

244 1561 445 1644 nimiamgme
466 1561 560 1628 fidem
583 1562 700 1629 habere
723 1564 898 1630 arbitretur
916 1563 1113 1644 argumentis
1135 1582 1173 1630 111
1183 1564 1308 1631 silentio

245 1671 384 1753 Dionysii
404 1671 597 1754 depromptis
621 1723 627 1737 .
651 1721 659 1738 .
683 1725 700 1754 .,
723 1674 801 1738 illud
830 1679 953 1740 teneto:
983 1679 1208 1740 commoratum
1238 1691 1307 1740 esse

244 1781 277 1846 in
298 1781 409 1847 eadem
430 1783 517 1864 urbe,
541 1791 702 1849 versatum
723 1785 754 1849 in
776 1783 895 1849 eisdem
917 1783 1030 1850 studiis
1059 1784 1240 1866 Dionysium
1271 1803 1308 1852 ac

144 1897 146 1900 ’
244 1892 424 1973 Caecilium,
453 1894 588 1976 denique
617 1894 792 1962 malevolae
821 1893 1007 1960 reticentiae
1034 1893 1152 1959 nullam
1182 1901 1308 1960 exstare

243 1987 480 2084 suspicionem.“
526 2003 647 2068 Deinde
675 2022 703 2084 p.
727 2005 852 2070 28-30
878 2003 1115 2070 demonstratur
1147 2003 1214 2068 lieri
1246 2021 1307 2070 non

244 2131 345 2194 posse,
367 2119 404 2180 ut
426 2111 537 2178 Cicero
558 2113 628 2178 illos
649 2121 791 2180 11111111
813 2113 945 2179 noverit.

208 2301 210 2306 ¹
327 2224 415 2302 Quae
437 2241 506 2290 cum
528 2225 574 2289 ita
597 2224 670 2302 sint,
692 2241 791 2289 canon
812 2224 896 2289 circa
917 2241 1033 2288 annum
1056 2223 1255 2288 1151011.
1277 2242 1306 2288 n.

243 2334 391 2416 Pergami
415 2341 586 2416 ortus,non
609 2341 659 2400 est
680 2352 784 2416 neque
807 2334 847 2399 ad
870 2330 1133 2420 ᾖ(1111111111α
1156 2345 1307 2414 normam,

243 2444 552 2534 utroluitBrnoslrs.
596 2446 747 2510 Attamen
758 2443 849 2509 facile
861 2444 996 2510 concedo
1008 2445 1196 2524 scriptorum
1211 2443 1306 2524 locos,

243 2574 320 2638 quos
343 2555 482 2621 Brzoska
503 2555 671 2636 congessit,
693 2554 863 2637 plurimum
884 2550 991 2620 valere
1019 2554 1059 2619 ad
1088 2555 1306 2621 illustrandam

246 2667 444 2748 eloquentiae
466 2667 533 2732 eius
554 2666 670 2732 aetatis
693 2666 864 2746 historiam,
887 2672 921 2731 et
941 2666 1139 2749 perspicuum
1160 2674 1210 2733 est
1241 2673 1307 2732 stu·

243 2774 302 2842 diis
333 2777 364 2841 in
400 2782 503 2842 artem
543 2776 666 2842 dicendi
710 2776 847 2859 undique
879 2777 1001 2842 collatis
1037 2776 1189 2858 paulatim
1225 2776 1307 2842 viam

243 2886 397 2951 munitam
417 2904 488 2952 esse
510 2885 550 2950 ad
572 2886 818 2968 componendum
841 2903 1002 2952 canonem.

326 2996 404 3063 Dum
426 2995 565 3061 decimus
587 2995 732 3078 idemque
754 2995 900 3062 minimus
923 3002 1000 3063 natu
1021 2995 1130 3062 decem
1145 3002 1306 3062 oratorum

241 3107 419 3172 Dinarchus
441 3107 493 3186 111,
515 3112 586 3187 post
605 3105 697 3171 huius
720 3112 860 3172 aetatem
882 3106 948 3171 loco
969 3103 1103 3188 quodam
1119 3106 1220 3172 electa
1236 3124 1305 3172 esse

242 3216 338 3283 debet
358 3217 462 3296 decas,
484 3235 545 3298 quo
566 3223 709 3282 oratores
724 3216 821 3282 Attici
843 3215 1092 3297 perfectissimae
1105 3215 1306 3298 eloquentiae

242 3326 434 3409 exemplaria
455 3326 725 3392 existimabantur.
770 3325 858 3404 Quod
881 3333 951 3392 erat
971 3332 1040 3392 tum
1061 3326 1222 3408 temporis,
1235 3345 1306 3391 cum

242 3437 351 3503 multis
371 3436 486 3502 scholis
506 3436 633 3502 diversa
644 3435 847 3518 sequentibus
859 3441 1002 3502 veterum
1015 3436 1190 3502 Atticorum
1202 3437 1307 3503 verior

241 3545 421 3614 aesthnatio
441 3546 544 3611 rediit.
588 3545 861 3626 Supervacaneum
884 3546 1010 3612 videtur
1032 3541 1181 3612 hocloco
1208 3545 1306 3614 disse·

240 3675 314 3722 rere
336 3655 376 3722 de
390 3656 505 3722 Asiane
526 3673 642 3736 genere
655 3654 778 3721 dicendi
799 3656 898 3736 magis
912 3656 1074 3738 magisque
1089 3653 1305 3738 invalescenti,

241 3767 288 3832 ita
309 3773 346 3833 ut
368 3783 429 3831 non
451 3765 577 3832 deesset
598 3773 733 3847 tempus,
755 3785 817 3847 quo
830 3759 1080 3832 Alabandensem
1096 3766 1185 3831 illurn
1198 3765 1306 3832 Mene·

242 3878 323 3944 clem
345 3877 475 3959 eiusque
497 3877 629 3942 fratrem
657 3876 836 3942 Hieroclem
870 3882 939 3942 tota
970 3877 1150 3942 imitaretur
1181 3878 1304 3959 Asia²);

240 3993 346 4054 ortum
375 3992 445 4052 erat
479 3987 611 4052 Athenis
646 3995 679 4053 et
711 3987 920 4053 revocandum
957 3993 1005 4053 est
1033 3987 1073 4052 ad
1108 3984 1303 4057 Demetrium

241 4096 408 4179 Phalerea,
433 4089 602 4163 ‘excultum
630 4102 738 4164 eutem
766 4097 799 4161 in
832 4098 923 4163 Asia:
956 4097 1122 4163 verborum
1153 4097 1304 4163 minutiae

315 4329 342 4394 l)
358 4327 462 4395 Dicere,
483 4327 518 4380 de
537 4329 599 4381 orat
619 4328 644 4392 2,
663 4327 706 4382 91.
