3268 4988
642 349 850 414 ..25-

212 557 250 605 eo
272 557 333 605 non
355 537 446 605 unico
466 538 553 605 lonte
572 555 662 604 usum
686 556 768 618 esse,
786 537 880 603 immo
902 555 976 604 vero
996 536 1067 604 allis
1087 555 1211 621 quoqne
1231 537 1277 603 in·

210 647 278 714 niti.
322 647 427 714 Prima
447 647 546 730 igitur
575 665 680 726 causa,
709 665 803 731 quam
831 647 955 714 Usener
981 645 1075 713 affert
1102 665 1278 732 magnaque

211 757 373 825 doctrinae
396 757 478 826 mole
499 743 647 837 suffulcit,
668 775 731 824 non
752 762 877 824 tantum
900 757 995 837 ualet,
1016 761 1053 823 ut
1074 773 1144 824 cum
1156 776 1194 824 eo
1206 775 1277 824 con-

212 867 331 934 sentire
362 867 518 951 possimus
543 867 670 934 omnino
697 867 767 934 lieri
795 885 857 935 non
888 885 990 950 posse,
1022 872 1060 934 ut
1091 865 1207 935 Fabius
1237 866 1278 933 ah

213 977 486 1046 Halicarnassensi
507 977 655 1060 pendeat.

294 1088 340 1155 Ut
359 1087 399 1154 do
420 1087 524 1155 altera
544 1105 639 1154 causa
659 1085 700 1153 ab
720 1085 862 1154 Usenero
882 1085 991 1153 oblata
1010 1083 1151 1154 iudicare
1178 1087 1277 1168 possi·

212 1215 292 1278 mus,
312 1196 415 1282 qualis
433 1198 475 1264 sit
496 1195 559 1278 illa,
582 1215 675 1280 quam
697 1201 814 1278 monet,
825 1195 1047 1279 discrepantia,
1063 1197 1234 1264 videamus.

295 1307 353 1400 llir
373 1307 428 1374 illc
448 1306 647 1374 doctissimus
669 1307 737 1372 iure
759 1305 893 1390 quodam
916 1305 1078 1373 contendit
1101 1306 1156 1373 illc
1176 1305 1277 1374 solum

210 1416 336 1497 indicia,
358 1435 440 1501 quae
461 1417 626 1485 derorum
647 1417 854 1500 scriptoribus
875 1413 1030 1501 ferantur,
1052 1416 1167 1483 idonea
1197 1435 1276 1499 ease,

212 1544 295 1609 quae
323 1525 407 1610 apud
437 1532 608 1611 utrumque
640 1534 872 1610 comparentur.
920 1525 1062 1609 Dionysii
1092 1526 1175 1592 enim
1206 1525 1278 1594 libri

214 1636 343 1704 secundi
361 1642 443 1725 napi
464 1635 643 1724 μιμήσεως,
665 1655 728 1720 qua
748 1636 803 1703 illa
824 1635 948 1716 iudicia,
971 1635 1134 1719 dequibus
1145 1636 1277 1730 aginam

213 1745 464 1826 continebantur,
486 1746 623 1828 epitome
644 1748 744 1813 solnm
766 1763 867 1829 usque
895 1745 935 1812 ad
964 1764 1020 1812 nos
1051 1747 1177 1828 mansit,
1208 1746 1277 1829 ipse

211 1857 323 1939 periit:
346 1855 402 1923 sed
423 1856 557 1941 quaein
578 1856 637 1922 hoc
658 1855 739 1923 libro
760 1855 929 1922 derorum
950 1855 1156 1938 scriptoribus
1180 1874 1278 1939 expo-

212 1971 333 2046 suerat,
375 1973 486 2033 auotor
526 1965 594 2048 ipse
635 1966 667 2031 in
709 1966 845 2048 epistula
894 1963 935 2031 ad
977 1965 1159 2048 Pompeium
1201 1966 1278 2033 data

214 2081 293 2158 (cap.
316 2075 463 2159 lli-Vl)
494 2076 622 2142 inclusit
646 2074 785 2160 (Usener
811 2075 832 2142 l.
854 2074 876 2142 l.
898 2093 929 2157 p.
956 2076 1028 2161 111)
1059 2076 1105 2142 ita
1131 2082 1169 2143 ut
1199 2076 1278 2143 haec

214 2185 277 2251 tria
296 2183 402 2268 capita
422 2185 550 2268 integra
570 2190 735 2252 teneamus
757 2191 790 2252 et
812 2204 883 2252 cum
911 2185 959 2266 iis,
988 2201 1070 2270 quae
1098 2183 1138 2253 de
1167 2183 1277 2253 eadem

214 2295 348 2362 materia
365 2294 479 2362 iudicia
499 2295 647 2378 proponit
667 2295 889 2376 Quintilianus,
910 2293 1055 2362 conferre
1075 2295 1240 2378 possimus.-

295 2403 357 2471 Sed
386 2422 457 2472 cum
488 2405 582 2488 longe
617 2406 757 2471 maxima
791 2405 831 2470 de
867 2410 959 2487 parte
1000 2404 1209 2486 Quintilianus
1244 2413 1278 2473 et

188 2525 191 2530 ⁴
213 2513 379 2597 Dionysius
401 2521 536 2598 uterque
556 2515 639 2580 idem
654 2514 748 2596 dicat,
764 2515 812 2581 his
823 2514 1019 2597 potissimum
1030 2534 1092 2582 non
1102 2533 1277 2598 congruere

211 2622 360 2691 ridentur
381 2623 520 2709 (Usener
540 2643 569 2707 p.
594 2628 683 2710 112):

295 2733 328 2817 a)
358 2733 537 2817 Timagenis
572 2751 684 2802 recens
720 2733 870 2801 memoria
905 2733 1002 2818 (apud
1037 2733 1276 2820 Quintilianum)

211 2841 320 2910 addita
341 2849 400 2910 est.

293 2951 327 3034 b)
344 2951 516 3021 Philistum
538 2953 634 3036 (apud
656 2954 730 3038 Qu.)
758 2971 820 3019 non
849 2953 1004 3036 sequitur,
1033 2953 1089 3020 sed
1117 2953 1278 3021 antecedit

213 3062 442 3144 Theopompus.

295 3175 326 3256 c)
346 3171 545 3255 Xenophonti
577 3191 597 3237 a
624 3172 816 3251 Quintiliano
848 3173 934 3239 locus
960 3173 1045 3239 inter
1075 3171 1275 3256 philosophos

212 3283 400 3364 assignatur.

294 3392 330 3476 d)
353 3391 517 3459 Accedunt
537 3391 636 3476 (apud
657 3391 729 3476 Qu.)
750 3392 897 3474 Ephorus
918 3401 952 3461 ct
973 3393 1162 3462 clitarchus

295 3502 475 3584 Timagenis
495 3509 657 3569 recentem
684 3501 868 3568 memoriam
896 3501 990 3569 facile
1018 3521 1089 3571 esse
1114 3522 1277 3573 removen-

213 3611 285 3678 dam
307 3617 343 3678 et
361 3629 463 3694 noque
482 3612 653 3694 quidquam
678 3611 718 3677 ad
738 3631 807 3679 rem
833 3613 942 3679 valere
968 3613 1094 3681 Usener
1119 3614 1278 3682 concedit:

212 3737 315 3804 nequa
337 3721 420 3789 enirn
439 3720 567 3788 dubium
590 3727 649 3803 ast,
670 3723 746 3805 quin
768 3723 835 3788 eius
860 3741 974 3790 nomeu
1000 3722 1092 3791 facile
1121 3741 1163 3791 cx
1190 3724 1278 3792 ionte

213 3832 318 3916 aliquo
348 3831 490 3899 Romano
517 3832 665 3901 haustum
694 3849 765 3900 csse
793 3834 909 3917 possit,
938 3853 1010 3902 cum
1036 3832 1165 3920 Suida1)
1194 3841 1278 3904 teste

289 4097 316 4165 1)
336 4094 438 4151 Suidas
460 4111 484 4151 s.
504 4113 528 4151 v.
550 4100 705 4168 Τιμαγένης
725 4138 731 4150 .
750 4132 759 4149 .
780 4132 787 4149 .
807 4098 853 4150 καὶ
873 4101 1080 4169 ἑσωφίστευσεν
1093 4092 1278 4177 ἒνῬῶμῃέπί

214 4211 244 4248 τε
254 4191 341 4248 αὐτοῦ
352 4194 504 4267 Πομπηΐου
524 4195 570 4247 καὶ
587 4194 648 4266 μετ’
666 4192 764 4257 αὐτόν,
784 4199 830 4248 lul
847 4212 877 4247 ra
891 4200 1035 4270 Καίσαρος
1048 4201 1097 4250 τοῦ
1108 4194 1277 4268 Αὐγούστου

214 4295 260 4346 καὶ
277 4297 428 4364 μετέπειτα
446 4287 505 4364 ἅμα
523 4294 668 4365 Καικιλίῳ.
