3268 4988
810 308 1010 372 —28-

375 495 479 564 Multa
515 501 623 564 autern
658 496 805 578 colligere
838 515 876 562 ex
909 497 1098 563 brevissimis
1130 497 1316 580 fragmentis
1347 495 1439 561 nimis
1572 485 1577 490 ’

376 609 498 675 incerta
521 626 574 674 res
596 612 659 674 est.
701 607 758 672 Vir
778 608 832 673 ille
853 607 1052 674 doctissimus
1063 608 1139 674 nihil
1149 609 1182 672 in
1193 608 1243 674 his
1253 607 1439 689 fragmentis

375 719 478 786 inesse
499 723 594 802 putat
613 719 658 800 (p.
681 717 765 802 124),
787 717 860 800 quin
884 736 903 784 a
925 718 1075 784 cicerone
1093 717 1298 800 disputationi
1320 717 1438 783 Aristo·

376 829 489 896 telicae
511 827 673 910 praemitti
695 829 851 910 potuerit3
873 828 929 894 sed

460 939 493 1022 1)
515 938 606 1004 facile
628 955 697 1004 esse
719 937 760 1004 ad
780 938 1038 1020 intellegendum,
1061 945 1214 1023 quantum
1229 939 1313 1006 iliius
1327 937 1440 1020 prioris

376 1049 478 1132 partis
499 1048 659 1114 consilium
683 1083 720 1094 -
744 1048 908 1114 literarum
920 1054 1027 1115 autem
1039 1067 1158 1132 genera
1170 1049 1389 1115 examinentur
1402 1080 1438 1094 -

378 1178 398 1224 a
439 1157 620 1240 gravitate.
648 1157 876 1224 exhortationis
924 1159 1144 1226 Aristotelicas
1191 1165 1225 1226 et
1270 1157 1441 1224 severitate

377 1268 551 1350 discrepet3

460 1381 494 1460 2)
516 1395 578 1443 non
608 1376 782 1459 literarum,
819 1377 875 1444 sed
910 1378 1024 1443 artium
1057 1396 1093 1444 ac
1128 1377 1293 1444 literarum
1324 1395 1442 1458 genera

356 1517 360 1530 ·
379 1489 552 1554 examinari
574 1493 607 1553 et
628 1489 802 1570 comparari
823 1505 893 1554 cum
906 1487 1298 1570 philosophiaoportuisss‚
1313 1487 1339 1552 si
1354 1486 1441 1552 illam

378 1598 627 1665 cohortationem
648 1597 758 1665 Cicero
785 1599 935 1664 concinna
961 1598 1140 1679 prolusione
1168 1603 1307 1681 aptaque
1332 1596 1443 1680 ampli·

378 1707 466 1775 ficari
486 1707 592 1774 vellet.
1331 1731 1332 1736 ι

463 1819 521 1886 llio
540 1819 638 1901 igitur
660 1819 846 1901 prolusionis
857 1818 1021 1886 Tullianae
1043 1824 1077 1885 et
1088 1819 1315 1886 exhortationis
1327 1817 1443 1884 discre-

381 1929 490 2010 pantio
507 1933 662 2010 'reputata
685 1929 862 1995 necessario
890 1948 946 1996 nos
970 1949 1007 1996 eo
1036 1927 1157 2010 adduci,
1180 1936 1216 1996 ut
1238 1947 1276 1996 ex
1308 1927 1444 1994 iontisa

380 2038 534 2120 scriptore
556 2038 588 2103 in
608 2055 700 2104 usum
721 2039 823 2104 vocati
845 2039 1030 2106 diversitate
1052 2046 1245 2121 repetamus.

464 2147 533 2214 Non
555 2147 601 2214 ito
622 2149 723 2214 multo
743 2154 818 2214 ante
839 2149 897 2216 hoe
929 2148 1113 2231 opusculum
1142 2147 1261 2215 editum
1287 2148 1371 2215 idem
1395 2146 1446 2213 ¹vir

381 2257 579 2325 doctissimus
601 2255 641 2324 dc
662 2257 773 2323 eadem
794 2276 831 2325 re
851 2257 909 2325 hoc
931 2256 1079 2325 iudicium
1100 2259 1270 2342 fecerat¹):
1305 2257 1445 2342 „Derin

381 2367 598 2449 bohoglichem
613 2365 775 2449 Gesprtch
796 2367 967 2448 genalcene
988 2374 1074 2435 erste
1087 2368 1166 2450 Teii,
1187 2369 1283 2435 worin
1305 2365 1383 2433 liber
1395 2364 1446 2431 die

382 2476 628 2545 verschiedenen
654 2476 788 2545 Gebiete
818 2478 969 2560 geistiger
998 2477 1133 2560 Bildung
1161 2479 1268 2544 Revue
1297 2476 1446 2560 gehalten

381 2585 499 2666 surde,
523 2592 625 2653 setzte
647 2587 738 2652 einen
760 2586 900 2653 hoheren
916 2587 1002 2654 Grad
1024 2588 1194 2670 speziellen
1210 2586 1447 2653 Wissensnicht

384 2714 507 2777 vorans,
530 2695 593 2762 und
617 2714 705 2762 wenn
728 2689 830 2764 etwas
846 2697 904 2762 wie
926 2696 977 2764 die
998 2697 1187 2764 Uebersicht
1208 2697 1266 2763 der
1292 2695 1447 2778 Tragilrer

383 2807 464 2873 nach
486 2805 742 2872 Gelehrsamkeit
767 2806 957 2872 schmecken
987 2807 1115 2889 honnte,
1143 2826 1178 2874 so
1205 2805 1313 2873 wurde
1343 2805 1447 2872 dieser

383 2915 544 2983 Eindrnck
570 2915 671 2982 durch
703 2915 773 2982 eine
806 2916 1015 2984 dramatische
1051 2917 1176 3002 Filrtion
1208 2914 1449 2998 ebgeschwacht

383 3029 495 3109 (quare
516 3025 610 3091 velim
633 3025 702 3090 dari
723 3025 798 3091 mihi
817 3026 953 3092 indicem
974 3027 1175 3108 tragicmum
1197 3033 1234 3093 ut
1248 3043 1379 3107 sumum,
1394 3024 1448 3107 qui

384 3136 467 3203 iorte
489 3135 565 3201 mihi
587 3133 726 3219 desunt).
769 3136 856 3202 Kurz
876 3154 948 3202 man
969 3135 1076 3203 durite
1099 3136 1150 3202 fur
1173 3136 1282 3203 diesen
1310 3136 1378 3202 Teii
1397 3135 1448 3201 bei

385 3247 494 3314 Cicero
515 3245 633 3328 gerade
655 3264 690 3313 so
712 3247 773 3313 viel
789 3246 925 3328 Bildung
942 3246 1007 3313 und
1021 3248 1145 3314 Wissen
1166 3248 1352 3328 annehmen,
1375 3246 1448 3312 dass

385 3376 421 3423 er
440 3357 522 3424 ohne
542 3355 767 3423 unmitteibare
789 3357 924 3439 Vorlege
946 3357 1016 3423 eine
1029 3358 1193 3440 gewsndte
1209 3357 1273 3423 und
1291 3355 1448 3424 fesselnde

386 3466 592 3549 Darstellung
613 3487 653 3534 zu
672 3466 789 3533 lieiern
809 3466 851 3531 im
873 3467 985 3533 stando
1007 3467 1101 3534 war.“
1144 3469 1302 3546 Quantum
1331 3465 1371 3532 ad
1393 3485 1449 3531 ex·

385 3579 597 3646 hortationem
628 3580 738 3661 ipsam,
766 3597 804 3643 ex
834 3579 888 3658 eis,
916 3596 997 3661 quae
1024 3577 1203 3662 Bywater²l
1219 3585 1262 3645 et
1289 3577 1413 3644 Usener·
1421 3577 1447 3661 ³)

386 3695 608 3770 exposuerunt,
629 3707 689 3756 non
711 3694 817 3770 potest
835 3686 982 3770 dubitari,
1004 3689 1079 3771 quin
1102 3687 1284 3756 Aristotelis
1305 3692 1449 3771 protrop-

386 3800 468 3866 ticus
488 3809 523 3866 et
543 3799 703 3868 Ciceronis
725 3798 913 3865 Hortensius
933 3799 1091 3865 artissime
1107 3800 1307 3866 cohaereant.
1351 3800 1449 3864 Acco·

459 4043 487 4112 1)
507 4041 607 4100 Rhein.
626 4042 697 4099 hius.
717 4043 760 4110 28,
779 4043 842 4098 895.

458 4142 489 4212 2)
506 4141 625 4198 Journal
644 4140 676 4197 of
691 4141 838 4214 philology
856 4142 890 4208 II,
909 4141 953 4197 ὃὸ.

459 4240 489 4305 o)
508 4239 809 4310 Rhein.h1ussum28‚
831 4241 884 4296 392
904 4255 945 4310 sq.
956 4255 997 4310 sq.
