3268 4988
801 361 1003 424 ...42-

236 562 244 578 ·
368 565 406 614 co
426 547 547 630 colligo,
568 547 653 630 quod
664 547 875 629 Quintilianus
886 547 971 616 nuda
981 549 1169 632 scriptorum
1179 549 1286 631 posuit
1295 549 1428 616 nomirre'

369 657 549 741 (tlurauski
570 658 590 726 l.
614 658 666 741 1.);
686 664 774 726 recte
789 659 844 724 ille
857 657 993 741 quidem,
1015 658 1043 726 si
1063 658 1430 743 ceteraquaediximus,

366 767 460 834 adid
481 767 564 851 quod
584 768 727 838 volumus
750 769 1030 838 demonstrandum
1057 767 1260 838 suffecerunt
1309 767 1431 836 Deinde

367 878 602 966 Aeschylus,
618 878 850 962 Sophocles,
864 879 1100 964 Euripides,
1115 877 1431 964 ungicommprinci-

366 1005 433 1070 pes,
445 987 682 1072 subsequuntur
693 989 723 1073 (ξ
733 991 797 1074 67),
813 988 853 1054 de
867 988 981 1072 qmbus
994 989 1204 1068 Quintilianus
1219 995 1254 1056 et
1264 987 1431 1072 Dionysius

366 1097 480 1165 similia
500 1097 660 1182 referunt;
681 1098 794 1166 deinde
816 1098 866 1166 ab
884 1105 1056 1182 utroque
1076 1098 1245 1182 Sophocles
1277 1103 1313 1182 et
1340 1098 1432 1164 Euri-

366 1208 455 1292 pides
474 1208 560 1276 inter
569 1228 605 1277 se
617 1201 844 1294 comparantur
849 1229 857 1290 ;
880 1214 1108 1294 poetarumque
1119 1227 1233 1292 chn
1243 1209 1433 1276 concludunt

367 1319 848 1387 MenanderetPhilemon.
864 1317 1432 1404 Deautiquaecomocdiaeaetatibus,

369 1434 406 1497 ut
426 1430 477 1496 ita
493 1428 606 1511 dicam,
627 1447 723 1513 supra
744 1430 880 1497 relatum
901 1435 952 1497 est
973 1430 1018 1514 (p.
1032 1435 1071 1497 19
1092 1432 1168 1514 sq.);
1188 1429 1325 1496 hocloco
1335 1427 1433 1496 uerba

367 1539 515 1607 ridentur
536 1559 607 1607 esse
628 1540 775 1606 addenda
798 1539 925 1606 Kaibeli
934 1541 971 1624 1),
993 1539 1046 1624 qui
1066 1539 1108 1606 de
1128 1540 1434 1622 quaestionenoetra

367 1650 445 1716 haec
477 1649 571 1718 dicit:
600 1651 690 1736 „Wic
713 1650 763 1717 bei
784 1649 956 1729 Quintilian
979 1649 1154 1716 Menander
1174 1649 1238 1716 und
1266 1648 1435 1731 Euripides

368 1759 458 1827 mehr
479 1760 795 1843 zmammangerdckt
816 1757 951 1841 werden,
972 1778 1007 1827 so
1022 1759 1224 1826 waresauct
1239 1758 1434 1842 beiDionys3

366 1870 424 1938 das
446 1869 530 1937 sieht
550 1889 624 1937 man
645 1869 786 1937 deutlich
808 1888 866 1937 aus
887 1869 945 1936 der
969 1873 1037 1947 Art,
1067 1870 1125 1936 wie
1152 1870 1210 1935 der
1235 1869 1434 1951 nachltssige

369 1980 567 2063 Epitomator
588 1999 648 2048 von
671 1980 838 2064 Euripides
857 1980 915 2047 aul
934 1981 1022 2047 scine
1036 1979 1242 2047 stilistischen
1254 1977 1433 2061 Vorbilder,

367 2089 419 2156 die
433 2089 585 2158 Komiker
604 2089 771 2180 dhergeht
791 2091 856 2157 und
877 2089 960 2156 dann
981 2090 1054 2157 dem
1064 2089 1240 2156 Menander
1258 2094 1355 2157 uuter
1370 2087 1434 2156 den
1575 2129 1578 2136 ·

368 2199 539 2266 Komikern
562 2201 657 2266 einen
678 2200 872 2267 besonderen
885 2201 974 2267 Platz
995 2200 1135 2266 anwelst.
1177 2199 1302 2268 Ebenso
1319 2199 1434 2267 stelen

370 2309 546 2378 Menander
565 2311 628 2377 und
651 2307 818 2393 Euripides
837 2311 881 2376 im
897 2310 1094 2392 Gegensatne
1105 2327 1162 2376 zur
1176 2306 1304 2394 doxain
1317 2334 1433 2402 soum-

370 2419 428 2486 dte
468 2419 531 2486 und
564 2420 626 2487 den
659 2413 795 2504 ἀρχαῖοι
826 2419 996 2512 τραγῳδοί
1021 2418 1071 2486 bei
1102 2419 1162 2486 Dio
1193 2417 1436 2504 Chrytostolut

373 2532 421 2612 18,
439 2530 544 2596 dund
566 2535 595 2595 i.
1106 2522 1108 2526 ’

452 2640 499 2706 Ex
532 2639 657 2707 tabellis
685 2657 705 2705 a
737 2639 908 2707 clausseno
939 2639 1119 2721 compositis
1147 2639 1265 2722 optime
1297 2638 1436 2722 perspici

368 2756 484 2834 potest,
509 2768 602 2834 quam
623 2750 721 2816 mirus
738 2750 771 2815 iu
792 2749 895 2831 poetis
916 2748 1141 2832 percensendis
1167 2750 1332 2832 utriusque
1361 2765 1434 2816 con·

369 2877 480 2926 sensus
501 2861 559 2928 sit:
580 2878 621 2926 ex
642 2859 761 2943 paucis,
782 2877 864 2942 quae
886 2859 1073 2942 addidimus,
1093 2860 1294 2943 perspicuum
1318 2859 1433 2926 fecime

369 2968 478 3037 uideor
497 2970 723 3050 Quintilianum
745 2970 886 3052 inprimis
906 2969 1054 3054 Dionysio
1075 2971 1141 3036 niti.
1187 2968 1255 3048 Quo
1274 2988 1344 3036 cum
1356 2987 1435 3037 usus

369 3084 431 3159 est,
465 3079 545 3148 alius
588 3080 691 3148 lentes
726 3080 937 3163 circumspicit
969 3086 1002 3146 et
1043 3097 1258 3162 quaecumque
1292 3079 1434 3146 invenire

367 3194 526 3272 potuerat,
548 3189 651 3271 affert,
673 3189 740 3256 sire
761 3195 846 3272 apta,
873 3190 939 3256 sive
967 3190 1076 3272 inepta
1101 3196 1174 3256 sunt
1202 3189 1243 3255 ad
1270 3188 1433 3257 consilium

367 3299 451 3382 quod
473 3317 508 3366 se
529 3300 619 3384 sequi
640 3307 735 3366 antea
758 3299 918 3366 confessus
940 3307 999 3367 est.
1042 3300 1115 3366 Jam
1136 3299 1363 3367 transeundum
1382 3304 1434 3366 est

367 3409 408 3476 ed
429 3414 575 3477 auctores
596 3409 747 3477 librorum
768 3428 890 3492 prosa
910 3410 1098 3477 oratione
1119 3409 1376 3493 conscripturum.

452 3519 553 3599 Quam
574 3519 663 3604 parri
684 3519 915 3586 aestimandum
941 3519 984 3587 sit
1007 3518 1185 3602 discrimen,
1213 3519 1296 3603 quod
1324 3524 1375 3587 est
1398 3519 1432 3585 iu

367 3647 495 3696 rerum
516 3628 797 3712 scriptoribus
812 3629 1042 3711 enumerandis,
1057 3647 1154 3712 supra
1168 3631 1367 3698 enucleatum
1382 3633 1433 3697 est

368 3740 412 3824 (p.
448 3740 489 3806 2⁵
525 3757 571 3822 sq.
595 3739 674 3824 sq.)z
719 3740 773 3807 ille
813 3740 939 3823 quidem
978 3739 1046 3807 loco
1080 3739 1112 3806 id
1145 3740 1290 3807 evincere
1324 3739 1432 3808 stride-

367 3847 487 3930 unm,
522 3854 559 3916 ut
589 3867 651 3917 non
684 3849 767 3916 tanti
799 3867 869 3916 csse
905 3849 1056 3916 momenti
1081 3848 1291 3917 differentiam
1326 3853 1432 3918 osten·

367 3958 531 4039 duremus,
576 3963 614 4026 ut
656 3957 781 4026 omrdno
827 3959 897 4026 lieri
942 3977 1004 4026 non
1049 3965 1159 4044 posset
1205 3959 1431 4040 Quintilianum

368 4069 550 4152 Dionysium
570 4069 768 4152 potissimum
784 4076 927 4137 secutum
939 4089 1019 4138 esse.
1062 4069 1430 4154 Nunccumquaeratur,

439 4276 834 4348 Qfflmffifflmm
