3268 4988
697 389 900 453 ..21-

264 579 322 644 der
336 579 466 661 Syntarr,
488 577 545 644 der
561 578 792 658 Formenlehre,
811 577 870 644 der
885 580 1114 645 Accentuation
1130 579 1330 660 beachteten,

264 687 316 752 lllr
337 687 388 754 die
409 687 460 753 die
481 684 595 772 ἐκλογὴ
619 681 789 770 ὀνομάτων
814 686 892 754 aber
912 687 994 754 ohne
1014 687 1119 754 Wert
1133 688 1198 754 und
1218 687 1330 761 dmum

264 797 352 864 nicht
378 817 437 864 von
460 799 620 864 Interesse
642 816 716 878 war,
748 797 886 864 soudcrn
914 805 973 865 von
1002 797 1064 865 den
1077 798 1329 880 Pergamenern,

265 905 361 973 deren
383 907 489 972 Kritik
511 906 548 973 cd
570 905 797 994 στρεφόμενον
810 913 890 992 περὶ
911 917 972 994 νῆν
988 909 1089 987 λέξιν,
1111 907 1149 974 τὸ
1169 913 1249 994 περὶ
1270 908 1331 986 τοὶς

264 1017 458 1094 διαλέκτους
479 1022 536 1083 καὶ
558 1016 619 1095 adr
640 1017 808 1105 διαφορὰς
822 1018 886 1084 τῶν
907 1015 1117 1103 πλασμάτων
1137 1022 1194 1084 καὶ
1209 1043 1330 1104 χαρακ-

262 1125 371 1215 τήρων
392 1127 555 1196 umlasste.
600 1126 811 1208 Pergamener
839 1126 942 1194 haben
969 1127 1051 1194 nach
1079 1128 1329 1195 stilletisch-rhe-

262 1236 424 1304 torischen
466 1236 757 1319 Gesichtspunlrten
799 1236 850 1304 die
892 1237 1328 1320 Entwickelungsgeschichte

261 1346 321 1413 der
341 1347 498 1414 attismen
513 1347 665 1414 Komddie
686 1347 718 1414 in
740 1347 816 1414 anei
830 1346 994 1414 Pericden.
1006 1346 1129 1429 geleilt,
1152 1347 1326 1418 indensis

260 1457 293 1523 in
315 1456 374 1523 der
394 1463 538 1524 ersteren
565 1477 625 1523 von
657 1456 770 1524 beiden
800 1457 944 1538 auglcich
970 1456 1032 1524 den
1053 1457 1225 1539 Zeitpunlc
1246 1475 1327 1530 mar·

261 1565 395 1648 lderten,
426 1584 468 1633 an
488 1567 640 1634 nelchem
671 1566 723 1634 die
750 1584 831 1633 neue
859 1566 1042 1634 stilistische
1064 1565 1170 1634 Labra
1198 1567 1326 1640 aulkam

261 1677 325 1746 und
355 1676 425 1743 ihre
457 1684 542 1744 erste
567 1676 721 1760 Wirlrung
756 1675 860 1742 llbte.“
912 1663 1026 1758 Itaque
1057 1677 1089 1746 in
1120 1675 1179 1745 huc
1209 1695 1327 1759 genere

261 1792 395 1869 apparet
415 1804 472 1854 nos
493 1785 596 1852 relabi
615 1786 655 1852 ad
677 1787 947 1868 Pergamenorum
968 1785 1084 1854 studia.
1293 1857 1295 1862 ,

343 1895 462 1974 Quibus
497 1895 642 1962 omnibus
682 1895 885 1978 perlustratis
926 1895 1151 1962 dilucidissime
1192 1905 1326 1980 apparet

259 2025 455 2073 communem
483 2005 603 2072 fontem
624 2007 762 2073 omnium
783 2004 977 2085 iudiciorum,
1006 2023 1087 2087 quae
1108 2007 1324 2088 tractavimus,

260 2134 322 2182 non
351 2115 465 2196 fuissc3
500 2115 579 2182 rarii
609 2114 745 2196 ordines,
781 2115 859 2181 varii
891 2133 1025 2182 canones
1055 2114 1106 2182 hic
1138 2115 1204 2190 illic
1228 2117 1325 2184 varis
1452 2141 1454 2144 ·

261 2225 456 2309 temporibus
478 2227 539 2293 orti
561 2229 645 2292 sunt.
688 2223 753 2292 Sed
773 2224 883 2308 quaeri
905 2230 1021 2307 potest,
1043 2243 1145 2292 nonne
1167 2244 1249 2309 quae
1272 2245 1324 2293 va·

259 2336 315 2403 riis
335 2336 411 2402 locis
432 2334 687 2419 temporibusque
708 2340 780 2403 orta
802 2340 905 2414 erant,
926 2336 958 2400 in
979 2353 1076 2402 unum
1091 2315 1236 2403 voiumen
1251 2354 1324 2403 con·

258 2445 336 2512 flata
356 2451 390 2512 et
411 2445 458 2512 ita
479 2446 649 2512 memoriae
671 2443 790 2512 tradita
817 2463 886 2512 esse
907 2445 1036 2527 possint.
1082 2445 1171 2524 Quod
1198 2445 1324 2530 quidem

259 2574 302 2622 ex
323 2560 416 2637 parte
437 2554 572 2639 quadam
593 2561 699 2636 potest
719 2553 856 2636 probari.
891 2553 972 2620 Nam
994 2555 1026 2620 in
1047 2555 1325 2636 grammaticorum

259 2664 412 2746 florilegio
432 2664 532 2732 multa
553 2664 628 2731 hinc
645 2663 731 2730 illinc
752 2664 891 2746 repetita
913 2663 1144 2746 confluxerunt,
1164 2665 1250 2740 unde
1270 2684 1324 2748 po·

259 2775 401 2842 sterioris
428 2774 544 2840 aetatis
567 2775 626 2840 viri
652 2775 724 2856 plus
751 2775 892 2840 minusve
920 2773 1002 2840 docti
1025 2793 1114 2843 suam
1135 2774 1323 2857 sapientiam

258 2885 443 2952 hauserunt.
486 2884 632 2951 Omnium
653 2883 836 2951 iudiciorum
858 2883 1108 2968 fundamentum,
1138 2892 1175 2952 ut
1202 2885 1249 2952 ita
1278 2885 1323 2952 di·

259 3013 336 3077 cam,
368 2995 436 3059 sine
467 3012 529 3076 quo
559 3012 621 3061 non
650 2997 798 3075 poterant
830 2992 909 3061 ferri
932 3029 967 3040 —
991 3013 1094 3078 nsque
1122 2994 1205 3061 enim
1234 2994 1323 3062 libris

257 3110 332 3188 apte
362 3104 393 3168 in
426 3102 634 3170 bibliothecae
666 3103 844 3186 catalogum
877 3104 1035 3185 congestis
1067 3103 1115 3172 uti
1147 3105 1324 3186 potuissent

257 3214 310 3297 qui
332 3212 659 3296 subsequebantur-
683 3212 866 3279 Callimachi
888 3220 1028 3290 πίνακες
1049 3219 1142 3282 erant
1162 3214 1182 3281 i.
1206 3234 1232 3280 e.
1255 3214 1321 3281 bib·

256 3323 412 3391 liothecae
427 3321 667 3390 Alexandrinae
680 3323 853 3406 catalogus,
876 3340 969 3406 quem
983 3330 1088 3390 temen
1109 3323 1212 3406 ipsum
1234 3325 1322 3391 nulla

256 3432 371 3499 iudicia
392 3439 425 3499 et
447 3451 580 3499 canones
600 3432 817 3515 promulgasse
838 3433 989 3515 vidimus;
1010 3438 1082 3516 post
1101 3433 1184 3500 hunc
1200 3435 1321 3501 Aristo·

256 3543 376 3624 phanes
397 3542 568 3626 Byzantius
591 3548 624 3608 et
645 3544 847 3610 Aristarchus
875 3563 1026 3611 canonem
1054 3562 1205 3612 consuere
1233 3550 1321 3628 pote·

256 3660 337 3720 rant.
381 3652 539 3720 Ciceronis
569 3658 677 3720 aetate
709 3660 802 3721 erant
821 3653 950 3735 indices,
979 3654 1012 3720 id
1034 3654 1115 3737 quod
1137 3660 1246 3737 potest
1266 3655 1320 3722 de·

256 3763 426 3830 monstrari
457 3763 635 3845 fragmento
667 3764 722 3830 XI.
779 3763 941 3830 Hortensii
973 3764 1159 3848 Tullionip:
1194 3766 1320 3849 ,Quare

256 3874 349 3940 velim
369 3871 438 3939 dari
462 3872 546 3954 mihi,
580 3873 722 3953 Luculle,
752 3873 862 3940 iubeas
887 3873 1022 3941 indicem
1049 3874 1251 3956 tragicorum,
1284 3881 1320 3941 ut

255 4001 386 4063 sumam,
407 3982 461 4066 qui
482 3982 565 4049 lorte
585 3983 661 4048 mihi
674 3983 818 4050 desunt.“
852 3983 971 4051 Similia
985 3983 1085 4051 tradit
1099 3984 1318 4063 Quintilianus,

255 4111 326 4160 cum
357 4093 442 4160 dicat
472 4091 524 4176 (X,
549 4095 577 4173 1,
600 4092 671 4168 bil:
706 4093 792 4176 ,Nec
823 4112 899 4160 sane
932 4093 1096 4178 quisquam
1129 4098 1179 4160 est
1211 4101 1318 4160 tama

329 4325 355 4392 l)
375 4324 394 4378 l.
413 4340 436 4378 c.
456 4341 482 4396 p.
504 4325 556 4378 120
574 4323 713 4395 (Usener).
