3268 4988
348 1285 435 1364 Quae
457 1286 538 1352 ratio
559 1286 774 1353 intercederet
794 1288 879 1353 inter
891 1289 1031 1369 Dionysii
1043 1284 1333 1354 Halicarnassensis

265 1392 305 1458 de
325 1395 500 1461 imitatione
524 1395 638 1462 librum
660 1396 834 1462 secundum
858 1401 892 1462 et
919 1398 1104 1476 Quintiliani
1129 1393 1334 1463 institutionis

264 1505 422 1570 oratoriae
457 1505 570 1571 librum
606 1505 781 1582 decimum,
816 1512 973 1589 quatenus
1006 1508 1037 1572 in
1073 1509 1132 1573 hoc
1164 1507 1335 1587 scriptores

265 1613 379 1680 Graeci
405 1621 642 1696 percensentur,
664 1621 700 1682 ut
725 1616 928 1699 inquirerem,
957 1624 1067 1683 auctor
1095 1617 1156 1683 fuit
1183 1615 1336 1698 magister

265 1741 385 1789 summe
405 1724 604 1791 venerandus
625 1725 874 1792 Hermannus
897 1727 1028 1806 ll'iels,
1050 1727 1102 1819 qui
1115 1726 1334 1792 mihiUseneri

264 1833 377 1898 librum
387 1835 412 1916 1)
448 1834 664 1916 suppeditavit
695 1835 810 1902 additis
846 1836 951 1902 verbis
992 1837 1031 1902 de
1062 1837 1120 1902 hac
1151 1835 1333 1918 quaestione

264 1944 357 2009 aliter
379 1961 449 2010 esse
468 1944 669 2010 iudicandum
690 1949 787 2028 atque
808 1946 862 2010 ille
886 1946 1020 2012 lecisset.

347 2054 441 2120 Brevi
462 2053 603 2120 intellexi
624 2073 691 2120 rem
714 2056 792 2120 satis
811 2055 971 2121 difficilem
994 2075 1044 2120 me
1062 2060 1230 2135 ·tractare;
1259 2073 1331 2122 nam
1397 2048 1399 2052 ’

265 2181 305 2227 ea
327 2168 470 2245 tempora
492 2170 526 2228 et
547 2183 599 2229 res
620 2165 863 2246 pervestiganda
893 2171 993 2246 erant,
1023 2184 1155 2247 quorum
1185 2165 1334 2230 memoria

264 2291 364 2354 paene
386 2273 517 2339 interiit.
562 2273 705 2340 Historia
730 2276 814 2340 enim
836 2276 1001 2341 literarum
1017 2276 1209 2341 Graecarum
1226 2293 1332 2341 eorum

267 2389 453 2465 temporum,
474 2401 556 2466 quae
578 2389 718 2450 aetatem
741 2385 983 2450 Alexandrinam
1005 2386 1175 2451 subsecuta
1196 2389 1271 2450 sunt
1294 2421 1333 2432 --

265 2498 299 2558 et
319 2493 351 2558 in
372 2493 421 2559 his
443 2493 569 2576 quidem
591 2500 737 2561 versatur
759 2502 868 2560 nostra
888 2495 1060 2577 disputatio
1082 2531 1119 2542 —
1144 2496 1279 2560 maxime
1296 2515 1333 2560 ex

264 2610 355 2684 parte
377 2603 473 2685 periit
493 2623 597 2686 neque
619 2605 678 2669 nisi
700 2604 1045 2671 commemorationibus
1067 2606 1256 2687 scriptorum
1285 2606 1331 2670 in·

264 2714 463 2795 sequentium
485 2720 662 2796 temporum
685 2733 800 2796 magna
822 2714 861 2779 de
884 2721 978 2796 parta
999 2715 1119 2780 tradita
1141 2721 1199 2794 est,
1230 2716 1276 2781 ita
1297 2721 1334 2781 ut

265 2822 314 2886 vel
336 2823 363 2888 si
387 2823 456 2904 quis
479 2842 539 2888 non
562 2823 645 2888 tardi
668 2824 784 2905 ingenii
807 2831 864 2903 est,
887 2843 958 2890 eum
974 2832 1080 2890 tamen
1094 2824 1212 2890 rivulos
1229 2824 1333 2906 potius

266 2933 443 2998 consectari
468 2952 545 3015 opus
567 2933 617 3014 sit,
641 2933 745 2998 fontes
766 2952 871 2998 rerum
894 2941 931 2999 ut
953 2934 1058 2999 videat
1080 2933 1214 2999 vixfieri
1223 2934 1332 3016 possit.

268 3043 312 3106 Ac
332 3043 587 3109 Wilamouitzius
607 3043 734 3125 quidem
756 3044 831 3109 litus
846 3061 938 3109 arare
949 3043 1028 3109 dixit
1041 3043 1162 3126 (Herm.
1180 3043 1234 3125 Xl,
1247 3043 1332 3127 300),

267 3151 443 3234 quicunque
465 3160 608 3218 nostram
630 3153 821 3235 provinciam
843 3153 1083 3235 aggrederetur.

350 3262 418 3340 Quo
439 3262 558 3329 lactum
580 3269 639 3342 est,
662 3269 698 3329 ut
720 3281 908 3345 quamquam
930 3263 1081 3345 permulti
1103 3263 1142 3328 de
1164 3262 1222 3328 hac
1236 3280 1330 3344 quae·
1364 3317 1368 3325 .

267 3373 368 3439 stione
390 3379 446 3439 aut
468 3373 507 3438 de
538 3373 605 3438 eius
634 3373 786 3439 similibus
814 3381 957 3454 egerunt,
988 3380 1093 3438 tamen
1125 3390 1187 3438 non
1219 3372 1332 3452 omnia,

266 3501 347 3565 quae
369 3483 526 3564 explorari
547 3490 686 3565 possunt,
709 3484 956 3549 satis'accurate
979 3483 1171 3564 investigata
1193 3481 1333 3550 invenia-

267 3612 352 3659 mus:
373 3611 474 3676 ueque
498 3593 579 3658 enim
601 3593 764 3677 quisquam
786 3593 888 3658 adhuc
903 3594 1120 3675 quaestionem
1140 3593 1179 3658 de
1193 3591 1333 3659 lontibus

267 3703 449 3782 Quintiliani
470 3704 503 3768 in
525 3703 705 3769 universum
727 3703 773 3768 ita
794 3705 899 3783 movit,
920 3709 956 3769 nt
976 3703 1049 3768 inde
1067 3702 1208 3768 concludi
1224 3702 1331 3784 possit,

267 3831 341 3878 num
363 3813 532 3879 verisimile
555 3815 597 3878 sit
618 3813 842 3892 Quintilianum
864 3831 884 3878 a
905 3813 1053 3896 Dionysio
1080 3812 1228 3894 pendere,
1257 3830 1332 3877 num

267 3924 345 3988 alias
366 3942 403 3989 eo
424 3923 470 3989 ita
494 3941 568 3988 usus
592 3924 642 4002 sit,
672 3928 707 3990 ut
734 3922 807 3988 inde
841 3923 881 3988 de
915 3923 973 3988 hac
999 3940 1122 4004 quoque
1148 3939 1183 3986 re
1215 3919 1332 4003 aliquid

266 4031 431 4098 efficiatur.

338 4295 365 4363 1)
385 4294 515 4368 Dionysii
534 4294 794 4350 Halicarnassensis
813 4296 946 4350 librorum
966 4295 1001 4348 (le
1011 4293 1170 4349 imitatione
1187 4293 1329 4361 reliquiae,

267 4394 309 4450 od.
329 4393 362 4450 H.
383 4393 498 4460 Usener,
517 4395 632 4450 Bonnae
654 4393 730 4449 1889.

1078 4492 1093 4545 1
1101 4491 1116 4524 ³l=
