3268 4988
687 356 893 414 ..11-

255 538 397 606 ordinem
425 540 614 622 scriptorum
648 540 869 620 composuisse,
892 539 967 623 quid
999 540 1070 608 huic
1100 539 1215 621 obstat,
1246 559 1321 624 quo-

255 648 358 715 minus
379 648 536 731 hocopus
558 650 619 714 iam
642 648 683 714 ab
703 649 771 732 ipso
794 648 936 732 Platone,
966 669 1059 733 quam
1088 649 1129 718 do
1156 669 1217 716 uno
1246 669 1322 734 quo·

255 759 330 824 dam
350 761 504 842 scriptore
525 759 672 826 iudicium
695 760 806 826 tuhsse
827 759 971 840 vidimus,
993 765 1175 843 susceptum
1187 759 1322 828 credat?

336 871 558 953 Quaecumque
585 869 625 934 de
655 886 775 936 canona
803 887 823 936 a
849 870 1062 952 grammaticis
1098 869 1322 938 Alexandrinis

256 979 425 1062 composito
457 978 632 1046 nominibus
664 985 829 1046 auctorum
866 979 983 1046 additis
1020 980 1213 1064 accepimus,
1244 980 1321 1048 hau·

254 1090 364 1156 rienda
387 1093 461 1156 sunt
484 1109 522 1156 er
543 1089 592 1156 his
613 1089 798 1168 Quintiliani
818 1090 910 1158 locis:

337 1202 370 1283 1)
393 1199 499 1278 Quint.
523 1201 596 1267 inst.
618 1205 699 1268 orat.
718 1200 758 1282 X,
781 1201 808 1281 1,
831 1203 886 1266 bd:
909 1199 1112 1285 ,Apollonius
1133 1201 1165 1265 in
1179 1199 1320 1266 ordinem

253 1309 503 1392 agrammaticis
524 1310 633 1377 datum
653 1328 713 1376 non
743 1309 838 1390 venit,
867 1310 941 1392 quia
968 1309 1197 1392 Aristophanes
1224 1317 1320 1394 atque

257 1420 459 1486 Aristarchus
482 1420 661 1504 (poetarum
683 1419 816 1502 iudices)
826 1419 851 1503 ¹)
874 1419 1030 1486 neminem
1048 1419 1098 1486 sui
1119 1419 1271 1501 temporis
1288 1419 1319 1485 in

256 1548 421 1597 numerum
450 1530 709 1614 redegeruncs).
763 1530 923 1597 Sermonis
956 1548 1117 1596 connexus
1139 1528 1321 1611 comprobat

254 1659 316 1719 eos,
339 1640 394 1723 qui
415 1645 510 1706 antea
532 1641 662 1707 tractati
687 1645 788 1721 erant,
803 1646 924 1722 poetas,
940 1640 1122 1721 Homerum,
1137 1638 1318 1720 Hesiodum,

253 1749 483 1829 Antimachum,
507 1750 672 1832 Panyasim
694 1756 840 1831 receptos
860 1750 968 1816 fuisse.
1011 1749 1177 1816 Neminem
1200 1755 1318 1829 autem,

253 1860 305 1942 qui
327 1865 434 1926 aelate
456 1859 668 1925 Alexandrina
689 1859 847 1939 fueritin
869 1878 1033 1926 numerum
1054 1879 1123 1926 osse
1152 1859 1318 1926 redactum

252 1970 301 2035 his
323 1970 427 2036 verbis
449 1968 673 2036 dilucidissime
692 1969 908 2053 perspicimus,
931 1971 977 2036 ita
991 1978 1028 2036 ut
1038 1969 1143 2036 omnia
1154 1976 1317 2036 auctorum

253 2080 377 2146 nomina
399 2078 481 2146 hanc
501 2079 604 2162 legem
619 2079 790 2162 migrantis
811 2099 850 2146 ex
865 2080 1041 2146 Aristarchi
1055 2084 1088 2146 et
1100 2079 1318 2162 Aristophanis

251 2185 354 2256 indice
375 2189 518 2271 profecta
540 2208 691 2256 essenon
713 2189 844 2271 possint.

333 2299 368 2384 2)
390 2299 495 2378 Quint.
531 2300 603 2366 inst.
640 2304 720 2366 orat.
748 2300 786 2380 X,
821 2304 848 2377 1,
879 2302 935 2364 59:
978 2299 1110 2382 ,ltaque
1143 2317 1181 2365 en
1215 2299 1317 2366 trihus

250 2410 387 2492 receptis
410 2409 584 2477 Aristarchi
608 2393 725 2476 ‘iudicio
747 2407 953 2497 scriptoribus
979 2408 1153 2476 iamborum
1180 2408 1221 2474 ad
1247 2409 1318 2486 ἕξιν
1401 2475 1404 2480 .

250 2519 384 2586 mamma
399 2537 481 2586 unus
492 2519 666 2602 pertinebit
683 2519 919 2587 Archilochus“
962 2518 1074 2585 Paucis
1089 2517 1231 2586 uersibus
1245 2526 1317 2602 post

251 2647 321 2695 cum
356 2629 514 2712 legamus:
553 2629 691 2712 ,Novem
727 2648 802 2696 vero
835 2629 1004 2712 lyricorum
1037 2628 1129 2712 longe
1162 2629 1317 2696 Pindarus

250 2739 415 2822 princeps‘
439 2759 498 2806 non
521 2738 697 2806 videbimur
717 2739 902 2806 audaciores
925 2757 1005 2818 esse,
1027 2740 1053 2806 si
1078 2745 1112 2805 et
1133 2738 1190 2807 hoc
1206 2738 1315 2805 ordine

251 2849 504 2932 (Aristophanem
539 2850 586 2932 et)
617 2849 836 2915 Aristarchum
869 2850 957 2932 tangi
984 2855 1142 2930 putamus.
1196 2848 1314 2916 Eodem

249 2958 363 3024 referri
383 2977 476 3041 posse
496 2959 653 3040 videntur,
677 2977 759 3041 quaa
781 2959 991 3037 Quintilianus
1020 2958 1097 3024 dicit
1125 2959 1175 3038 (X,
1198 2963 1226 3039 1,
1245 2961 1314 3040 53):

251 3067 388 3150 ,Contra
413 3070 446 3135 in
474 3069 659 3135 Antimacho
685 3070 761 3135 vis.
787 3121 793 3135 .
817 3117 824 3132 .
847 3068 904 3140 sed
931 3069 1072 3151 quamvis
1099 3068 1129 3134 ei
1159 3068 1315 3134 secundas

249 3177 316 3242 fere
352 3179 705 3260 grammaticorum
739 3197 968 3246 consensus
1003 3177 1145 3244 delerat“
1281 3184 1314 3244 et

250 3288 302 3372 (X,
326 3293 354 3368 1,
375 3289 445 3372 ab:
477 3289 653 3374 ,Panyasin
676 3343 682 3357 .
705 3335 714 3352 .
736 3339 743 3354 .
768 3289 943 3370 putant.“
989 3288 1076 3366 Quae
1110 3306 1180 3353 cum
1211 3287 1314 3354 omnia

248 3398 332 3462 inter
357 3417 391 3464 se
419 3399 590 3464 cohaerere
618 3399 705 3466 nobis
737 3417 923 3481 persuasum
954 3398 1006 3478 sit,
1038 3416 1100 3462 non
1134 3396 1314 3464 dubitamus

249 3506 358 3578 eodem
378 3507 500 3574 referre
521 3509 604 3575 hunc

334 3618 367 3700 3)
391 3618 574 3696 Quintiliani
594 3619 695 3685 locum
718 3620 758 3698 (Ι,
780 3621 809 3699 4,
832 3619 881 3700 3);
904 3617 1061 3703 ,Mirtum
1081 3618 1133 3700 (ex
1154 3617 1202 3683 his
1215 3617 1314 3684 omrri·

248 3725 318 3810 bus)
340 3727 488 3793 iudicium
512 3737 569 3810 est,
592 3747 653 3812 quo
674 3727 801 3812 quidem
820 3729 866 3794 ita
888 3747 998 3794 severe
1020 3728 1068 3794 usi
1090 3732 1166 3793 sunt
1187 3732 1314 3794 ueteres

320 3902 348 3970 1)
368 3901 446 3956 Haeo
464 3902 551 3957 verba
570 3901 683 3970 Steffen,
703 3902 721 3958 l.
743 3917 766 3958 o.
784 3919 810 3972 p.
832 3903 866 3956 16
887 3900 1029 3956 Osannum
1054 3903 1168 3955 secutus
1194 3899 1313 3955 delenda

247 4013 310 4054 esse
330 3999 542 4056 domonstravit.

317 4099 346 4169 2)
366 4099 444 4164 Quae
463 4099 549 4156 verba
569 4100 707 4168 quomodo
726 4099 936 4169 interpretanda
945 4098 1010 4167 sint,
1022 4097 1128 4168 Hampe
1139 4096 1242 4168 (Usber
1258 4097 1311 4152 den

247 4199 439 4266 sogenannten
460 4198 561 4252 Kanon
588 4198 638 4251 der
660 4196 875 4264 Alexandriam,
904 4198 991 4253 Jauer
1012 4197 1079 4252 1877
1111 4215 1138 4267 p.
1157 4198 1187 4266 4)
1215 4197 1313 4252 contra

247 4295 400 4352 surranum
419 4297 448 4366 (l.
470 4313 493 4351 c.
513 4313 539 4365 p.
560 4297 606 4364 17)
625 4297 758 4352 ostendit.
