3268 4988
670 392 877 456 ..35-

245 578 372 658 euoluit,
392 580 449 647 sed
472 579 638 647 nonnullos
660 581 744 648 locos
765 583 918 650 memorie
931 585 1044 666 tenuit,
1056 585 1135 652 adeo
1145 591 1182 652 ut
1192 587 1308 654 inscius

242 689 403 757 interdum
424 696 587 758 auctorum
614 691 711 759 verba
739 693 885 761 referret.
929 695 1017 775 Quod
1048 697 1075 762 si
1108 714 1150 762 ex
1178 701 1308 764 auctore

244 798 388 884 quodum,
408 802 497 867 cuius
518 801 654 884 vestigia
672 801 803 884 singulis
823 802 899 870 locis
917 824 977 871 non
1000 805 1142 888 inprimis
1160 823 1308 888 premun-

242 915 306 992 tur,
328 909 426 978 verba
446 911 637 993 excitantur,
660 930 699 978 ea
720 915 902 981 memoriter
922 915 1082 999 descripta
1103 935 1174 983 esse
1188 917 1220 983 iu
1235 933 1307 1000 pro

242 1020 351 1103 patulo
373 1025 452 1088 cst.“
798 1037 801 1043 '

325 1130 361 1196 ln
383 1134 451 1198 toto
471 1147 567 1213 opere
589 1128 812 1198 conscribendo
822 1130 1049 1210 Quintilianum
1059 1130 1197 1198 maximo
1210 1149 1306 1213 opere

243 1239 402 1308 (icerouia
430 1241 566 1322 vestigia
598 1245 741 1350 secutum
776 1259 846 1308 esse
878 1242 1061 1308 monuimus
1115 1242 1185 1320 Qua
1210 1241 1243 1306 in
1269 1259 1307 1307 re

242 1368 342 1434 usque
365 1368 402 1418 eo
422 1352 576 1432 pervenit,
612 1356 649 1418 ut
679 1367 762 1434 quae
789 1350 892 1416 minue
912 1357 1001 1418 recte
1029 1350 1246 1431 intellexerat,
1273 1351 1305 1417 in

241 1460 355 1527 librum
376 1459 770 1529 suumialsotransierret.
813 1459 895 1541 Quid
906 1461 989 1544 quod
1010 1460 1130 1527 fontem
1148 1461 1305 1527 Graecum

240 1577 372 1639 secutus
393 1571 502 1638 Cicero
522 1577 591 1638 tres
611 1578 771 1638 oratorum
793 1576 917 1636 aetates
946 1570 1152 1652 enumeravit,
1183 1569 1305 1649 Quinti·

240 1682 342 1748 lianus
373 1679 446 1747 inde
474 1699 641 1763 perperam
663 1679 823 1757 ¹conclusit
850 1699 913 1748 una
941 1687 1049 1750 aetate
1076 1679 1185 1747 (locem
1212 1679 1306 1747 mmul

242 1791 382 1858 Athenas
403 1797 546 1859 oratores
566 1791 678 1860 tulisse
700 1791 806 1877 (instit
815 1797 896 1858 orat.
918 1791 957 1872 X,
982 1797 1009 1871 1,
1030 1792 1109 1875 76)l
1132 1790 1206 1857 brie
1221 1790 1304 1856 enim

240 1901 337 1968 fuisse
353 1901 652 1983 cedunturgenera
665 1907 825 1969 oratorum
848 1900 1051 1991 Graecorum,
1079 1919 1160 1983 quoe
1181 1906 1305 1967 aetates

240 2010 399 2079 interdum
427 2009 643 2095 appellantur;
676 2017 711 2078 et
739 2012 792 2094 qui
817 2011 919 2093 prime
949 2011 1133 2091 floruerunt,
1166 2008 1304 2092 grandes

241 2127 332 2188 erant
353 2121 467 2203 verbis,
488 2121 591 2189 crebri
612 2121 789 2200 sententiis,
809 2121 1039 2203 compressione
1060 2139 1169 2188 rerum
1191 2119 1304 2186 breves

242 2231 318 2316 (Oic.
340 2231 429 2298 Brut.
450 2232 522 2315 29);
543 2230 583 2297 de
603 2231 708 2299 altera
731 2231 841 2299 cicero
858 2231 935 2298 dicit
957 2233 991 2315 (l.
1012 2232 1032 2298 l
1054 2229 1123 2315 bill:
1144 2228 1303 2297 sucusille

239 2341 367 2424 sanguis
386 2341 588 2424 incorruptus
609 2359 708 2424 usque
728 2340 768 2407 ad
789 2341 871 2407 banc
891 2347 1031 2407 aetatem
1051 2348 1213 2408 oratorum
1230 2338 1301 2417 fuit,
1435 2363 1437 2368 ·

238 2451 271 2516 in
293 2450 405 2534 quibus
426 2451 582 2518 naturalis
601 2453 730 2531 inesset,
751 2471 812 2518 non
832 2451 956 2518 fuscatus
974 2451 1072 2532 nitor;
1097 2449 1151 2535 qui
1170 2450 1301 2518 tertium

239 2578 339 2643 genus
360 2559 584 2644 sequebantur,
607 2579 721 2628 suaves
738 2561 919 2629 maluerunt
944 2561 1044 2628 videri
1069 2579 1163 2644 quam
1189 2576 1303 2642 graves

238 2671 293 2752 (ci.
315 2671 377 2738 Gic.
399 2671 489 2738 Brut.
513 2673 584 2752 38)..
621 2671 725 2738 Medio
748 2687 865 2754 genere
886 2673 939 2755 qui
958 2671 1139 2751 utebantur,
1158 2677 1302 2738 oratores

238 2778 438 2863 eloquentiae
456 2781 582 2849 Atticae
605 2781 744 2858 maxime
766 2782 908 2849 florentis
929 2787 1019 2848 sunt:
1047 2799 1129 2865 quae
1154 2800 1224 2847 cum
1255 2780 1302 2846 ita

237 2890 311 2971 sint,
350 2890 561 2970 Quintilianus
588 2897 750 2959 oratorum
780 2911 880 2975 genus
912 2891 1135 2976 hominumque
1161 2897 1301 2958 aetatem

237 2999 419 3083 contudit1).

320 3110 439 3189 Quibus
461 3111 613 3194 expositis
634 3110 674 3178 de
695 3111 828 3194 singulis
849 3113 1013 3180 literarum
1035 3111 1202 3195 generibus
1223 3130 1301 3177 non·

237 3220 326 3287 nulla
346 3220 465 3288 addere
484 3223 579 3288 iuvat.
631 3225 827 3306 Quemquam
859 3224 992 3302 Usener,
1024 3231 1062 3290 ut
1091 3241 1188 3306 supra
1219 3240 1300 3289 com-

237 3330 521 3414 memoravimus2),
542 3330 599 3398 ille
619 3333 720 3398 solum
741 3333 863 3414 iudicia,
893 3353 975 3417 quae
1000 3333 1041 3399 (le
1067 3351 1174 3399 rerum
1201 3333 1300 3414 scrip·

183 3509 193 3526 ,
237 3438 356 3506 toribus
381 3439 470 3520 fiunt,
504 3440 615 3508 idonea
647 3459 717 3509 esse
750 3443 921 3523 contendit,
955 3461 1036 3526 quae
1068 3447 1299 3526 comparentur,

224 3555 343 3628 ¹tamen
363 3550 470 3633 aliqua
490 3570 532 3616 ex
552 3559 646 3634 parte
667 3552 763 3619 etiam
784 3560 908 3620 ceteros
935 3559 1082 3620 auctores
1109 3552 1299 3619 adumbrare

235 3658 351 3739 iicebit,
372 3661 426 3742 qui
447 3667 484 3727 ut
506 3663 603 3743 ipsius
614 3662 753 3745 Dionysii
774 3662 1012 3731 verbisamiseis
1026 3681 1109 3747 quae
1122 3662 1300 3730 raticinter

235 3768 366 3836 Fabium
387 3769 762 3855 Halicarnasseneemque
781 3773 968 3855 intercedat,
990 3793 1052 3841 non
1073 3780 1140 3840 tam
1162 3772 1298 3840 dilucide

234 3896 329 3961 quam
349 3879 395 3945 illi
419 3879 637 3947 demonstrare
655 3881 812 3964 videntur,
835 3883 888 3966 qui
908 3883 1052 3964 subsunt,
1073 3883 1119 3950 ita
1139 3901 1201 3949 non
1222 3900 1298 3965 neg·

234 3988 359 4071 legendi
392 4008 461 4056 esee
492 3990 649 4058 videntur.
693 3993 832 4060 Plurima
860 4001 968 4060 autem
997 3993 1146 4060 claussen
1174 4011 1297 4076 compo

234 4098 308 4178 suit,
330 4118 411 4182 quae
432 4106 580 4181 repetere
600 4120 868 4184 supervacaneum
891 4110 949 4170 est.

307 4271 335 4340 1)
356 4271 458 4328 confer
476 4273 561 4330 ctiam
580 4275 735 4331 Hartmann
753 4277 772 4334 l.
790 4278 810 4334 l.
828 4295 855 4350 p.
874 4277 909 4334 35
928 4293 1022 4347 sq.sq.

306 4370 496 4443 ffipffim.
1045 4442 1083 4498 μ
