3268 4988
680 399 886 460 ..15⁸

253 591 357 652 torum
390 586 500 652 ordine
531 587 665 653 sentiret
694 606 737 653 ex
768 587 828 654 hac
863 593 1120 671 argumentorum
1150 591 1232 656 serie
1254 611 1315 658 non

252 715 345 779 possa
367 697 463 763 effici:
484 696 517 763 id
535 697 609 780 quid
630 698 859 766 demonstravit
885 700 918 764 in
938 700 1033 768 litera
1054 700 1094 767 ad
1115 699 1156 767 M.
1176 701 1317 768 Franke·

253 808 329 873 lium
351 807 435 888 data,
467 827 530 890 qua
551 807 682 890 dicit¹·):
717 809 791 888 „leh
820 809 902 876 habe
930 809 991 876 deu
1011 810 1242 878 Rednerkauon
1264 811 1318 879 ab·

255 918 399 985 sichtlich
421 918 509 984 nicht
531 917 675 998 berdhrt,
703 920 772 985 weil
799 920 849 986 ich
870 920 964 986 heina
985 920 1132 1004 Neigung
1151 921 1254 1001 hatte,
1282 941 1318 989 so

255 1028 400 1110 beilaufig
432 1028 514 1095 mich
546 1028 604 1095 mit
631 1027 689 1095 der
713 1048 772 1095 ron
800 1029 902 1095 vielen
928 1029 1080 1112 geteilten
1104 1031 1236 1100 Ansicht
1257 1032 1318 1098 Br-

255 1139 366 1206 zoslras
386 1138 778 1205 auseinanderzusetzen.“
964 1147 967 1152 '

337 1247 422 1314 rate
448 1248 618 1330 quidquam
644 1248 737 1331 quale
770 1267 919 1315 canonem
948 1267 1085 1331 unquam
1106 1249 1204 1318 luisse
1225 1269 1318 1332 prae·

254 1357 337 1426 lacte
369 1364 467 1440 negat
499 1357 532 1422 C.
554 1358 727 1443 hilchey2),
764 1377 835 1425 cum
866 1359 962 1439 dicat,
997 1378 1075 1442 quos
1107 1360 1319 1440 Quintilianus

255 1473 398 1535 notasset
418 1466 592 1534 electorum
620 1473 785 1550 poetarum
817 1468 952 1550 ordines,
986 1469 1126 1536 diversos
1147 1488 1167 1535 a
1187 1469 1319 1538 diversis

254 1577 469 1661 grammaticis
501 1583 535 1643 et
567 1577 632 1642 ludi
666 1577 835 1660 magistris
872 1580 945 1661 quin
973 1578 1014 1644 ab
1043 1597 1104 1645 uno
1126 1581 1319 1662 excogitatos

255 1707 334 1768 esse,
356 1723 396 1735 -
420 1689 507 1754 velut
541 1687 676 1753 eundem
697 1688 940 1770 Aristophanem
969 1689 1063 1755 Anth.
1086 1688 1152 1754 Pal.
1185 1689 1318 1772 append.

257 1801 319 1864 286
334 1787 471 1864 Homero
486 1796 677 1880 subiungere
692 1797 911 1880 Menandrum,
931 1799 1079 1864 Tzetzam
1095 1797 1148 1881 (de
1163 1799 1318 1882 Lycophr.

256 1911 280 1988 I,
301 1911 376 1990 263)
408 1927 597 1991 percensere
628 1907 823 1974 excellentes
849 1907 944 1974 variis
976 1908 1153 1992 generibus,
1176 1908 1320 1975 Ovidium

256 2022 330 2102 (am.
353 2021 377 2100 l,
402 2022 450 2101 to,
472 2019 505 2102 9)
533 2017 657 2085 nomina
682 2018 874 2084 Graecorum
898 2018 1036 2100 Homeri,
1063 2018 1201 2099 Hesiodi,
1224 2019 1318 2086 Calli·

256 2129 368 2209 machi,
402 2127 573 2211 Sophoclis,
603 2128 703 2209 Arati,
735 2127 899 2194 Menandri
928 2146 1124 2210 componere,
1153 2128 1237 2210 apud
1258 2129 1320 2196 Ro·

257 2257 365 2305 manos
399 2257 418 2303 a
454 2237 599 2304 Volcacio
633 2237 774 2320 Sedigito
809 2238 904 2320 (Geli.
927 2239 995 2319 XV,
1017 2239 1072 2322 23)
1108 2242 1140 2303 et
1172 2239 1321 2306 Suetonio

257 2347 452 2431 (Reiffersch.
486 2366 516 2430 p.
550 2349 604 2431 33)
637 2347 748 2414 eodem
782 2347 873 2414 modo
904 2347 1044 2414 diversos
1076 2354 1222 2415 auctores
1257 2365 1321 2414 una

257 2449 432 2525 nominatos
452 2476 532 2523 esse.
573 2457 635 2524 Sed
667 2476 744 2541 quos
776 2459 898 2524 excitat
925 2457 1066 2524 delectus
1096 2459 1146 2525 vel
1168 2457 1245 2524 nihil
1266 2476 1320 2524 ra·

258 2569 325 2634 lent
345 2567 386 2633 ad
408 2568 631 2650 grammaticos
646 2568 878 2634 Alexandrinos
899 2569 948 2634 vel
963 2567 1156 2634 diversorum
1170 2587 1321 2651 generum

257 2685 367 2761 poscas
388 2679 481 2744 simul
502 2678 679 2745 continent:
702 2678 894 2757 Quintiliano
916 2683 1024 2744 autem
1038 2697 1116 2744 cum
1138 2678 1238 2746 dicat:
1261 2698 1322 2763 ,ex

259 2786 360 2856 tribus
394 2789 532 2870 receptis
564 2788 738 2855 Aristarchi
772 2788 886 2854 iudicio
920 2787 1094 2856 iambomm
1129 2787 1251 2870 poe'tis“
1288 2793 1323 2854 et

262 2918 392 2978 ,novem
414 2917 489 2965 vero
510 2898 698 2981 lyricorum“
722 2897 917 2964 diversorum
933 2917 1085 2982 generum
1106 2897 1247 2964 diversos
1268 2897 1322 2964 de·

259 3010 363 3076 lectus
383 3008 423 3076 ob
443 3009 549 3076 oculos
570 3005 691 3074 versari
712 3015 861 3091 apparet;
892 2998 1022 3076 Suetoni
1044 3012 1077 3074 et
1098 3007 1223 3074 Volcaci
1243 3005 1322 3074 indi-

261 3138 313 3188 ces
344 3127 419 3186 sunt
449 3119 651 3200 imitationes,
684 3117 796 3201 quibus
829 3118 906 3185 nihil
933 3118 1039 3186 doceri
1071 3123 1165 3184 antea
1196 3116 1322 3184 demon·

259 3230 439 3302 strarimus.
1237 3312 1240 3318 .

343 3339 404 3406 Sed
432 3358 503 3406 cum
533 3339 711 3419 viderimus,
743 3338 895 3421 quomodo
923 3337 964 3404 de
990 3337 1116 3404 canonis
1138 3338 1323 3420 quaestione

260 3449 459 3517 iudicandum
480 3450 531 3532 sit,
562 3469 623 3532 quo
654 3450 781 3516 consilio
809 3449 1006 3532 potissimum
1032 3447 1079 3514 illi
1102 3447 1256 3514 duumviri
1276 3449 1323 3514 in·

261 3561 425 3627 stituerint
449 3561 555 3626 iudicii
577 3559 712 3641 tabulas,
739 3561 857 3642 optimo
885 3560 954 3624 iure
974 3557 1153 3640 inquiritur.
1195 3559 1241 3625 Ac
1261 3560 1324 3641 pri·

261 3690 347 3738 mum
370 3670 494 3753 quidem
517 3670 557 3737 ad
578 3670 734 3737 oratoriae
764 3668 923 3736 facultatis
945 3686 1086 3734 normam
1108 3687 1243 3736 canones
1262 3687 1324 3736 non

262 3801 331 3848 esse
352 3781 538 3863 compositos
560 3781 748 3862 perspicitur
770 3799 811 3845 ex
834 3798 879 3860 eo,
901 3778 981 3860 quod
1002 3778 1176 3861 Brzoska⁸l
1199 3778 1324 3846 demon-

336 4048 363 4115 1)
383 4043 527 4100 Jahrbuch
546 4044 572 4099 d.
592 4043 746 4098 deutschen
765 4041 841 4097 arch.
859 4042 953 4098 Instit.
972 4043 1012 4099 Vl
1031 4041 1126 4111 (1891)
1146 4057 1172 4111 p.
1192 4041 1235 4098 93.

335 4146 363 4214 2)
383 4145 427 4198 De
446 4141 611 4198 Callimachi
631 4141 760 4214 Cydippa
779 4141 848 4196 1863
867 4159 894 4212 p.
909 4142 926 4196 4
944 4157 964 4196 n
981 4141 1007 4196 3.

334 4246 361 4310 3)
381 4241 515 4310 Brzoska,
534 4243 577 4296 De
591 4257 696 4296 canone
706 4243 802 4296 decem
812 4246 952 4296 oratorum
965 4237 1126 4296 Atticorum
1136 4238 1324 4309 quaestiones,

263 4339 543 4418 Vratislaviaeissdss,
562 4359 588 4412 p.
609 4341 651 4397 60.
