3268 4988
761 379 965 441 ...52-

333 569 448 635 stravit
465 568 659 658 Dionysium
683 572 791 633 aetate
817 571 967 648 provecta
999 566 1093 631 aliter
1128 564 1167 630 de
1198 563 1396 658 Antiphonte

333 677 472 744 iudicare
494 683 597 760 atque
610 682 706 743 antea
727 676 890 759 lecerat1).

417 787 503 854 Nihil
524 789 587 853 iam
598 786 749 866 obstaret,
761 786 1065 869 quinancilium
1087 785 1213 852 muenia
1235 787 1397 851 auctorem

334 897 530 976 duceremus,
552 898 612 963 nisi
632 897 771 962 Brzoska
780 899 817 979 ²),
839 895 1102 962 Reifferscheidtii
1113 895 1257 990 magistri
1269 900 1398 961 senten·

334 1007 398 1073 tiae
409 1026 535 1089 praeco,
546 1008 688 1073 caninam
701 1007 810 1072 decem
821 1005 1173 1089 oratorumPergami
1187 1005 1272 1072 cuca
1281 1023 1397 1071 annum

336 1120 396 1183 125
417 1136 444 1183 a.
467 1118 542 1185 Chr.
562 1123 669 1185 ortum
687 1136 756 1184 esse
777 1117 1002 1184 contendisset.
1045 1117 1107 1194 Qui
1119 1116 1256 1198 primum
1270 1114 1398 1181 demon·

335 1228 459 1307 stravit,
481 1227 643 1294 doetrinae
664 1229 942 1309 grammaticorum
964 1227 1247 1293 Alexandrinorum
1272 1225 1399 1292 canonis

336 1338 589 1420 compositionem
623 1357 683 1403 non
707 1337 825 1417 deberi,
855 1337 968 1404 deinde
995 1339 1262 1420 Pergamenorum
1288 1335 1400 1402 deberi

335 1447 554 1526 demonstrare
597 1453 728 1513 conatus
772 1455 831 1513 est.
892 1447 1004 1529 Itaque
1042 1448 1194 1531 Meiero³)
1236 1447 1401 1529 impugnat

337 1556 453 1624 dicenti
475 1557 561 1624 nulla
582 1564 658 1624 ante
679 1557 848 1623 Caecilium
870 1557 1003 1623 inveniri
1024 1558 1151 1622 canonis
1172 1557 1320 1639 vestigia3
1343 1555 1400 1622 sed

336 1668 412 1733 licet
434 1686 480 1747 eo,
507 1667 590 1750 quod
611 1668 781 1736 Panaetius
804 1686 953 1734 canonem
981 1687 1041 1732 non
1066 1669 1161 1747 novit,
1183 1686 1244 1733 non
1267 1666 1401 1732 multum

336 1777 586 1844 demonstratum
621 1779 680 1855 sit3
712 1779 788 1843 licet
819 1777 968 1844 audacius
1000 1777 1147 1842 rideatur
1180 1796 1218 1843 ex
1246 1774 1402 1842 Demetrii

335 1887 440 1952 verbis
472 1887 554 1968 apud
590 1888 770 1970 Dionysium
805 1888 858 1971 (de
891 1888 962 1953 Din.
984 1888 1062 1970 iud.)
1096 1906 1161 1970 cap.
1191 1891 1208 1951 1
1240 1885 1401 1952 excitatis:

339 2002 539 2084 ,Δείναρχος
561 1995 608 2073 εἷς
629 1993 665 2062 ἐκ
686 2000 750 2062 τῶν
769 1993 912 2084 ῥητόρων
925 1992 1171 2063 τῶνἎττικῶν“
1185 1996 1320 2070 efficere,
1333 2001 1402 2060 tum

337 2109 463 2191 quidem
485 2108 634 2175 decadem
657 2109 794 2176 nondum
816 2109 930 2192 fuisse;
951 2109 982 2174 id
1005 2109 1140 2190 quidem,
1163 2107 1244 2190 quod
1267 2106 1401 2186 Gorgias

338 2218 440 2300 (cuius
461 2216 615 2303 σχήματα
636 2221 754 2295 λέξεως
775 2219 910 2284 Rutilius
931 2220 1037 2300 Lupus
1060 2220 1090 2283 in
1114 2218 1262 2283 Latinum
1277 2214 1399 2299 vert't),

338 2327 496 2395 Ciceronis
516 2328 727 2410 subaequalis,
750 2329 893 2410 exempla
916 2327 1143 2395 exoratoribus
1157 2331 1303 2409 prompta
1316 2325 1401 2391 nulla

338 2439 465 2504 canonis
486 2439 608 2504 ratione
628 2438 737 2504 habita
757 2439 911 2521 proponit,
924 2439 1091 2505 maximum
1108 2437 1329 2504 documentum
1341 2441 1399 2513 est,

338 2565 399 2631 quo
421 2548 657 2614 demonstratur
683 2549 766 2615 hunc
798 2549 959 2615 rhetorem
992 2567 1142 2614 canonem
1175 2566 1235 2612 non
1266 2547 1401 2613 novisse.

339 2657 475 2736 Quodsi
498 2659 637 2725 Bmoslra
658 2661 700 2742 (p.
724 2660 778 2745 18)
801 2659 939 2725 obvertit
961 2637 1095 2736 Gorgiae
1116 2663 1259 2723 oratores
1289 2657 1403 2738 prioris

339 2768 455 2834 aetatis
476 2768 552 2833 nihil
572 2755 756 2850 profuturos
777 2769 883 2848 l'uisse,
905 2769 987 2851 quod
1011 2762 1254 2853 ἆσχημάτιστοι
1268 2766 1402 2832 luerint:

340 2897 416 2960 ergo
426 2897 488 2943 non
499 2878 750 2945 demonstratum
772 2898 841 2946 esse
863 2879 892 2944 ei
914 2897 1063 2944 canonem
1084 2878 1402 2944 omninonotumnon

339 2988 453 3069 fuisse3
476 3006 603 3070 quaero,
625 2990 694 3072 quis
708 2989 818 3055 rhetor
840 2989 990 3070 Graecus,
1016 2991 1068 3072 qui
1088 3007 1238 3056 canonem
1260 2992 1402 3066 noverat,

339 3103 467 3181 poterat
487 3098 636 3165 omittere
659 3100 830 3165 Isocratem
847 3100 984 3165 omnium
995 3105 1156 3172 oratomm
1170 3099 1403 3165 limatissimum

339 3207 665 3290 perfectissimamque
697 3209 874 3275 artificem?
912 3209 1010 3286 Quem
1039 3206 1277 3295 ἀσχημάτιστον
1306 3209 1403 3274 fuisse

341 3335 381 3382 ue
405 3317 542 3384 Brzoska
570 3318 695 3402 quidem
722 3318 900 3385 contendet.
951 3320 1034 3384 Sane
1063 3320 1215 3385 docentur
1241 3338 1259 3384 a
1286 3319 1404 3400 Gorgia

341 3427 465 3494 dicendi
486 3427 605 3493 lormae
627 3428 789 3510 quaedam,
813 3446 894 3510 quae
916 3431 998 3510 apud
1021 3447 1129 3495 omnes
1150 3429 1276 3495 canonis
1304 3428 1404 3494 nostri

340 3541 484 3604 oratores
504 3557 564 3604 non
585 3539 801 3615 inveniuntur3
829 3541 855 3604 ei
877 3543 984 3605 autem
1005 3539 1140 3620 Gorgiae
1170 3545 1277 3605 aetate
1304 3556 1404 3604 canon

342 3646 463 3727 luisset,
484 3666 576 3713 nemo
597 3653 704 3728 posset
724 3648 921 3730 intellegere,
955 3667 1011 3714 our
1038 3649 1119 3716 tales
1147 3667 1198 3714 res
1221 3649 1261 3714 ad
1283 3649 1405 3715 discen·

343 3758 416 3822 dum
447 3758 627 3839 propositae
656 3765 772 3838 essent,
807 3759 917 3840 quibus
945 3760 1176 3841 spectatissima
1207 3759 1405 3842 eloquentiae

417 3914 444 3983 1)
464 3914 506 3968 De
534 3913 631 3967 ordine
661 3914 826 3984 scriptorum
856 3915 989 3988 Dionysii
1020 3916 1057 3969 ad
1086 3917 1239 3984 temporum
1270 3915 1405 3970 rationem

343 4013 456 4084 digesto
475 4010 571 4068 confer
590 4027 661 4082 quaa
680 4013 804 4082 Riissler,
832 4015 914 4070 Dion
934 4014 1071 4070 Halicum.
1092 4013 1187 4084 script.
1212 4013 1282 4070 rhet.
1307 4012 1405 4083 fragm.

342 4129 369 4182 p.
390 4113 423 4167 13
441 4111 578 4182 exposuit.

416 4211 445 4279 2)
460 4211 503 4265 De
522 4225 628 4265 canone
642 4211 738 4265 decem
755 4212 896 4264 oratorum
915 4205 1005 4262 Attio.
1024 4208 1132 4275 quaest.
1153 4204 1306 4262 Vratislav.
1327 4203 1406 4260 1883.

415 4309 444 4378 3)
465 4307 607 4379 Opuacula
626 4307 790 4364 Academia.
810 4308 831 4376 1,
853 4306 906 4361 120
924 4321 1019 4376 aqsq.
