3268 4988
697 401 881 459 ,γ-

258 585 364 678 parari
387 602 444 648 nec
467 582 639 648 abiudicari
658 583 823 667 quicquam
845 586 904 652 nisi
920 586 1115 668 argumentis
1128 586 1323 656 extrinsecus

253 675 367 776 'petitis
388 691 558 775 potest“1).

341 802 460 883 Quibus
483 802 596 869 studiis
617 822 654 868 eo
676 801 768 867 facile
790 799 957 882 perveniri,
980 806 1018 867 ut
1037 802 1173 884 catalogi
1197 802 1323 886 quidum

259 931 329 980 cnm
350 912 473 979 iudiciis
494 913 534 978 de
555 912 682 995 optimis
704 910 910 992 scriptoribus
937 910 1115 993 compositis
1143 918 1322 996 exarentur,

257 1041 350 1088 nemo
372 1040 448 1089 sane
467 1022 613 1104 negabit3
636 1039 715 1104 quos
736 1021 896 1102 catalogos
917 1039 979 1088 non
1000 1019 1323 1090 bibhothecaecuins·

260 1133 331 1198 dam
354 1132 575 1200 thesaurorum
596 1131 715 1198 indices
739 1131 835 1197 luisse
856 1131 1055 1214 perspicuum
1078 1137 1144 1214 est;
1173 1132 1226 1215 qui
1251 1152 1323 1202 oum

259 1244 433 1326 „canones“
457 1242 585 1322 luerint,
615 1241 677 1306 iam
704 1240 855 1322 videmus,
884 1239 958 1324 quid
986 1241 1044 1308 hoc
1071 1240 1202 1308 verbum
1228 1243 1323 1326 signi·

256 1351 340 1417 ficet.

343 1461 389 1526 De
411 1478 485 1526 voce
507 1461 634 1527 canonis
659 1460 729 1542 ipsa
757 1460 824 1542 egit
854 1459 1006 1543 Stellen²)
1036 1468 1072 1528 st
1103 1461 1182 1528 hanc
1215 1462 1322 1528 delini·

258 1571 376 1638 tionem
398 1570 501 1637 dedit:
525 1621 553 1654 ,,.
576 1619 584 1638 .
606 1620 614 1637 .
637 1570 730 1664 hpnd
751 1571 922 1652 scriptores
937 1576 1062 1638 veteres
1076 1570 1324 1653 sovdvsemper

259 1686 308 1748 est
329 1699 439 1748 norma
460 1681 510 1748 vel
530 1681 652 1763 regula,
675 1699 777 1763 ireque
800 1697 937 1763 unquam
958 1698 997 1746 eu
1018 1699 1087 1759 vox,
1108 1683 1135 1746 si
1149 1681 1230 1748 libri
1246 1685 1322 1748 titu-

257 1792 306 1857 lus
328 1791 441 1870 lertur‚
465 1792 511 1856 ita
532 1797 685 1872 usurpata
706 1796 764 1871 est,
788 1797 824 1856 nt
845 1791 892 1856 vis
912 1791 1031 1857 inesset
1059 1791 1193 1871 catalogi
1221 1789 1322 1876 [bibli-

257 1902 390 1967 othecae
412 1899 572 1967 cniusdam
601 1901 721 1966 scilicet
747 1900 997 1980 thesaurorum];
1026 1900 1080 1966 illo
1105 1901 1203 1982 igitur
1232 1919 1322 1968 voca·

255 2011 328 2076 bulo
350 2055 359 2074 .
382 2063 388 2077 .
414 2059 420 2073 .
443 2011 709 2092 quotienscunque
730 2009 813 2075 inira
834 2015 970 2090 omniur,
992 2010 1068 2075 nihil
1090 2010 1158 2100 nisi
1180 2029 1320 2078 normam

256 2120 398 2203 intellegi
419 2122 591 2186 volumus.“

339 2231 406 2308 Quo
439 2235 581 2311 tempore
609 2234 643 2295 et
668 2249 687 2294 s
715 2248 777 2312 quo
802 2230 937 2311 primum
968 2236 1134 2312 poetarum
1166 2229 1321 2312 pedestri·

255 2359 370 2422 umque
393 2341 581 2423 scriptorum
603 2358 702 2406 canon
724 2339 914 2422 compositus
936 2340 987 2420 sit,
1015 2340 1107 2405 multi
1134 2339 1207 2405 hino
1235 2339 1321 2407 illinc

256 2451 427 2533 disputant.
472 2449 696 2516 Callimachum
710 2449 907 2532 Cyrenaeum
923 2467 992 2516 cum
1008 2449 1152 2532 Suidas⁸)
1177 2450 1320 2518 traderet

255 2566 403 2636 πίνακας
425 2565 488 2624 τών
510 2556 547 2625 ἕν
558 2558 653 2649 πάσῃ
666 2559 809 2648 παιδείᾳ
822 2557 1087 2648 διαλαμψάντων
1097 2561 1318 2642 composuisse,

255 2671 347 2736 multi
368 2671 513 2735 nimirum
534 2670 617 2735 hunc
639 2670 765 2735 canonis
787 2676 947 2735 auctorem
970 2687 1041 2736 esse
1060 2669 1224 2751 putabant
1248 2649 1319 2736 cum

151 2792 154 2798 ’
257 2785 402 2856 πίνακας
423 2783 457 2844 et
477 2777 602 2844 κανόνα
624 2778 706 2843 idem
728 2779 835 2844 valere
855 2777 913 2844 sibi
938 2780 1179 2860 persuasissent.
1222 2781 1257 2846 ln
1281 2799 1320 2846 eo

254 2908 384 2955 numero
404 2890 524 2971 primus
543 2895 614 2955 erat
637 2887 670 2952 F.
694 2889 729 2951 A.
750 2888 836 2954 Wolf
842 2908 850 2968 ;
872 2907 1011 2954 errorem
1024 2888 1187 2970 perspexit
1198 2889 1319 2971 primus

253 3001 287 3064 F.
310 2999 466 3081 Ranke⁴).

335 3111 398 3175 Res
419 3114 525 3175 autem
547 3109 593 3174 ita
614 3127 649 3174 se
672 3107 785 3174 habet:
818 3107 1043 3174 Testimonium
1064 3113 1170 3174 exstat
1202 3115 1319 3191 qnater

253 3219 403 3287 traditum
440 3219 600 3303 (Cramer,
637 3218 800 3284 Anecdota
835 3218 979 3284 Parisino
1010 3219 1041 3298 l,
1082 3221 1102 3283 6
1138 3237 1206 3300 seq.
1240 3223 1319 3302 usqi

253 3330 441 3420 201quth
463 3329 534 3394 Keil
556 3330 587 3394 in
604 3328 767 3394 Ritsehelii
777 3327 935 3410 opusculis
950 3329 972 3406 l,
987 3329 1046 3394 199
1057 3346 1144 3410 seqq.
1156 3328 1318 3412 (l'zetzes)

324 3537 352 3606 1)
373 3537 478 3592 nouem
506 3535 565 3590 scre
594 3536 734 3593 Susamihl
754 3535 936 3607 (Geschiohts
955 3537 1004 3591 der
1026 3536 1220 3606 griechischen
1242 3537 1317 3593 Lite·

253 3638 330 3692 ratur
358 3637 387 3690 in
415 3637 464 3692 der
491 3635 763 3704 Alexandrinerneit,
791 3639 858 3693 tom.
878 3637 912 3692 H.
944 3653 972 3706 p.
991 3636 1044 3692 663
1073 3638 1164 3709 seqq.)
1191 3636 1318 3706 longiore

252 3730 443 3804 disputatione
461 3737 600 3806 exposuit.

324 3835 353 3903 2)
372 3835 415 3890 De
434 3849 548 3903 canone,
568 3835 615 3904 qul
633 3836 744 3902 dicitur,
765 3834 967 3904 Alexandrino,
993 3834 1106 3906 Lipsiae
1133 3834 1210 3902 1876,
1235 3852 1263 3905 p.
1283 3835 1317 3889 12

252 3950 279 3990 n.
298 3933 323 3989 7.

323 4031 352 4100 3)
372 4047 431 4089 Μ.
444 4035 637 4104 Καὶίίμαχοςε
658 4071 665 4084 .
686 4070 693 4086 .
715 4072 720 4086 .
741 4037 857 4093 πίνακες
870 4035 927 4086 τῶν
945 4039 976 4086 ἐν
987 4028 1063 4106 πάσῃ
1077 4033 1191 4104 παιδείᾳ
1202 4033 1319 4105 διαλαμ-

253 4127 371 4200 obdurent
389 4133 435 4184 καὶ
455 4119 493 4184 ὧν
513 4135 692 4203 ξυνίγραψαν
711 4138 741 4184 ἓν
759 4134 874 4202 βιβλίοις
893 4131 928 4185 K'
949 4132 995 4184 καὶ
1016 4127 1039 4201 ῥ.

322 4229 352 4300 4)
372 4230 404 4283 In
432 4230 664 4284 commentatione
692 4230 727 4283 de
754 4228 956 4299 Aristophanis
996 4230 1057 4285 vita
1088 4226 1205 4284 editioni
1237 4228 1315 4284 Plutl

252 4325 457 4398 Aristophanai
476 4327 695 4383 Thierschianse
715 4329 803 4398 (Lips.
823 4329 904 4395 1830)
923 4323 1048 4398 praefixa
1066 4345 1093 4397 p.
1113 4327 1165 4382 104
1184 4341 1261 4396 seqq.
1348 4373 1349 4376 ,
