3268 4988
793 371 1000 434 ..54..

363 579 522 628 mnnexae
541 567 635 626 erant
661 578 734 626 cum
760 559 902 626 mamma
920 559 1094 642 exiguitate
1114 560 1281 642 phraseon,
1310 561 1356 626 ita
1384 562 1418 623 ut

363 689 470 738 sermo
489 675 525 736 et
544 669 686 737 tumidus
706 674 741 735 et
759 669 878 736 sterilis
890 670 984 736 mmul
995 669 1154 737 eraderet.
1197 668 1420 736 Adversuslras

362 781 502 863 ineptim
528 780 592 847 orti
611 780 738 858 nuntii,
763 780 817 862 qui
848 798 885 846 se
915 796 992 846 vere
1017 781 1125 848 Attice
1154 781 1326 862 scripturos
1355 795 1421 844 esse

363 890 604 974 profitebantur.
647 889 799 967 Quicum
820 888 861 956 ab
881 889 945 956 illis
966 890 1164 956 nidisliheri
1193 909 1266 958 eme
1298 889 1420 966 uellent,

361 1001 520 1082 facillime,
633 1018 763 1082 operam
783 999 907 1081 dment,
928 1005 965 1067 ut
986 999 1176 1082 Charybdim
1196 1001 1367 1079 evitarent,
1391 999 1422 1062 in

361 1110 498 1196 Scyllam
517 1109 713 1177 inciderunt:
734 1109 901 1177 redieruut
920 1109 962 1176 ed
982 1113 1128 1176 oratores
1138 1111 1262 1178 Atticos
1280 1129 1343 1177 uon
1358 1115 1421 1174 tam

361 1223 431 1288 eius
450 1221 576 1301 aetehs,
597 1239 692 1303 quam
713 1219 854 1286 llorentin
881 1221 1080 1302 eloquentiae
1105 1223 1269 1286 nominare
1297 1235 1438 1286 consue.

361 1332 475 1410 nimus,
497 1329 555 1397 sed
575 1331 661 1396 ultra
682 1331 841 1412 progressi
861 1329 997 1396 suntad
1018 1330 1153 1411 primam
1172 1330 1260 1396 illam
1274 1337 1424 1406 aetatem,

360 1459 424 1524 qua
456 1440 655 1523 lhucydides
680 1439 824 1506 omuibm
856 1439 1069 1522 praelucebat.
1119 1440 1250 1506 Accedit
1276 1439 1360 1523 quod
1385 1455 1424 1504 ne

359 1557 503 1618 oratores
528 1549 655 1633 quidem
683 1549 807 1616 mediae
837 1548 922 1615 illius
946 1548 1188 1620 florentissimas
1216 1550 1335 1618 aeteds
1361 1555 1423 1614 tam

359 1667 431 1726 arte
461 1661 548 1727 iuter
577 1677 651 1726 sese
681 1666 868 1740 congruunt,
899 1666 936 1726 ut
963 1658 1018 1741 qui
1044 1677 1124 1741 pure
1153 1678 1290 1743 verenae
1320 1659 1424 1726 Attice

358 1770 499 1837 scribere
521 1769 665 1850 noluerit,
688 1788 784 1834 unum
806 1769 858 1836 vel
879 1765 1017 1836 altemm
1045 1787 1083 1834 ex
1105 1769 1151 1836 eis
1171 1769 1213 1836 ad
1239 1771 1424 1836 imitandum

358 1879 500 1962 potuerit
522 1879 641 1962 eligere
662 1885 697 1945 et
716 1879 802 1945 idem
823 1897 950 1961 semper
970 1878 1106 1961 adeptus
1137 1880 1195 1946 sit:
1227 1880 1285 1946 sed
1311 1895 1425 1962 magua

358 1991 499 2056 varietas
519 1988 689 2056 intercedit
708 1989 794 2055 inter
814 1989 871 2055 hos
899 1988 1121 2056 celeberrimos
1148 1997 1304 2059 auctores.
1357 1989 1423 2068 Quo

358 2099 558 2178 factumest
589 2104 627 2165 ut
647 2099 724 2164 alios
757 2098 810 2164 alii
831 2098 1045 2179 imitarentur,
1066 2099 1098 2164 in
1116 2099 1176 2165 hae
1197 2118 1260 2165 una
1293 2119 1330 2166 re
1352 2117 1424 2166 con·

358 2209 477 2290 cordes,
499 2208 704 2290 utHegesiae
724 2208 883 2290 totiusque
903 2208 1030 2276 scholae
1054 2209 1189 2274 hmanas
1203 2216 1376 2291 praecepta
1392 2215 1425 2274 et

359 2319 510 2384 orationis
545 2324 633 2384 artes
667 2323 865 2399 respuerent
916 2317 973 2386 Oui
1008 2319 1127 2385 oratori
1163 2319 1269 2386 Attico
1303 2336 1425 2386 summa

360 2427 528 2494 tribuenda
564 2432 661 2508 asset,
696 2446 754 2508 per
783 2426 911 2508 longum
944 2428 1094 2510 temporis
1126 2428 1263 2510 spatium
1294 2428 1423 2496 dubium

360 2544 444 2619 erat,
473 2537 589 2603 multos
617 2555 693 2604 sana
722 2537 955 2604 concedendum
983 2543 1032 2605 est
1061 2522 1282 2606 Demosthenis
1310 2538 1425 2621 prinei

358 2655 468 2729 patum
489 2647 684 2713 intellexisse
693 2648 730 2731 ¹),
758 2650 794 2712 ut
814 2646 1018 2714 Cleocharem
1039 2648 1262 2730 Myrleeusem,
1282 2650 1336 2732 qui
1358 2651 1425 2717 Iso·

358 2763 479 2823 cratem
501 2763 536 2822 et
556 2755 803 2822 Demosthenem
824 2771 1012 2838 comparans
1027 2757 1249 2824 Demosthenis
1263 2760 1424 2826 orationes

358 2866 493 2932 militum
515 2884 681 2948 corporum
700 2865 821 2933 similes
841 2885 920 2946 esse,
942 2867 1091 2952 Isocratis
1118 2868 1314 2934 athletarum
1344 2869 1424 2938 iudi

286 3031 288 3036 .
357 2975 440 3042 canit
462 2975 566 3056 (Phot
589 2974 662 3042 bibl.
686 2976 814 3058 lilhtl),
835 2976 1055 3044 Menedemum
1080 2977 1157 3060 (Dic.
1180 2977 1288 3047 deor.
1312 2983 1338 3061 1,
1355 2980 1422 3062 88),

357 3087 558 3152 Pammenem
579 3085 660 3168 (Cic.
680 3091 761 3152 orat.
784 3086 879 3168 105);
912 3086 969 3152 sed
997 3087 1189 3169 Hyperidem
1213 3088 1423 3156 imitabantur

357 3195 470 3262 eximie
491 3195 636 3262 rhetores
655 3195 769 3262 Rhodii
799 3199 999 3276 Ariamenen,
1020 3196 1201 3279 Aristocles,
1233 3197 1422 3282 Philagrium,

356 3305 462 3371 Melon
484 3304 586 3386 (Dion.
609 3304 649 3372 de
669 3305 742 3373 Diu.
766 3323 835 3386 cap.
857 3307 901 3389 8),
924 3305 977 3370 alii
999 3305 1126 3388 Lysiam
1149 3307 1226 3389 (Cic.
1248 3309 1339 3376 Brut
1355 3311 1422 3393 64),

355 3415 409 3480 alii
430 3414 654 3497 Thucydidem,
687 3415 741 3480 alii
764 3415 926 3482 Platonem
953 3413 1183 3498 philosophum.
1231 3420 1280 3484 De
1309 3419 1422 3502 quibam

354 3523 497 3592 omuibus
518 3524 684 3606 Dionysius
706 3524 997 3592 halicarnassensis
1019 3527 1084 3608 egit
1106 3533 1139 3593 et
1161 3527 1320 3596 nobiseum
1339 3543 1422 3596 com-

355 3634 534 3714 municavit,
555 3651 634 3716 quas
655 3634 798 3716 inprimis
818 3633 954 3702 virtutes
976 3636 1142 3704 laudantes
1152 3637 1206 3702 alii
1216 3638 1295 3706 alios
1306 3638 1423 3706 sectati

354 3745 427 3811 sint.
471 3743 638 3826 Dionysius
663 3744 783 3826 primus
808 3762 905 3812 ausus
936 3751 987 3812 ast
1013 3753 1086 3828 post
1107 3747 1289 3814 Ciceronem
1316 3768 1422 3832 gram·

354 3854 548 3936 macidosque
569 3853 789 3935 Pergamenos,
811 3873 1066 3938 quommeunque
1087 3864 1154 3924 tum
1176 3857 1204 3922 ei
1226 3858 1418 3926 tumentem

355 3971 496 4045 venerat,
518 3963 654 4031 virtutes
676 3963 853 4047 disceptare
876 3972 909 4034 et
930 3965 1007 4032 vitia
1027 3966 1187 4049 detegere,
1199 3967 1246 4034 ita
1257 3973 1294 4035 ut
1304 3968 1421 4052 duphoi

354 4076 476 4142 ratione
499 4075 698 4142 conflictatum
719 4077 772 4157 sit,
793 4081 826 4142 et
848 4095 917 4144 cum
940 4078 995 4158 eis,
1008 4079 1151 4160 quipure
1164 4080 1419 4150 Atticescribsre

427 4299 455 4368 1)
475 4297 531 4356 cnr.
551 4300 644 4367 Blass,
665 4303 684 4358 l.
703 4303 720 4356 l.
744 4303 787 4358 99.
