<?xml version="1.0" encoding="UTF-8"?>
<!DOCTYPE html PUBLIC "-//W3C//DTD XHTML 1.0 Transitional//EN"
    "http://www.w3.org/TR/xhtml1/DTD/xhtml1-transitional.dtd">
<html xmlns="http://www.w3.org/1999/xhtml" xml:lang="en" lang="en">
 <head>
  <title>
</title>
<meta http-equiv="Content-Type" content="text/html;charset=utf-8" />
  <meta name='ocr-system' content='tesseract 3.04.00' />
  <meta name='ocr-capabilities' content='ocr_page ocr_carea ocr_par ocr_line ocrx_word'/>
</head>
<body>
  <div class='ocr_page' id='page_1' title='image "./dequintilianiin00heydgoog_0048.png"; bbox 0 0 3268 4988; ppageno 0'>
   <div class='ocr_carea' id='block_1_1' title="bbox 637 384 844 450">
    <p class='ocr_par' dir='ltr' id='par_1_1' title="bbox 637 384 844 450">
     <span class='ocr_line' id='line_1_1' title="bbox 637 384 844 450; baseline 0.01 -20"><span class='ocrx_word' id='word_1_1' title='bbox 637 384 844 450; x_wconf 82' lang='lat'><strong>-43..</strong></span> 
     </span>
    </p>
   </div>
   <div class='ocr_carea' id='block_1_2' title="bbox 205 570 1276 1535">
    <p class='ocr_par' dir='ltr' id='par_1_2' title="bbox 205 570 1276 1535">
     <span class='ocr_line' id='line_1_2' title="bbox 206 570 1269 655; baseline -0.001 -16"><span class='ocrx_word' id='word_1_2' title='bbox 206 591 281 640; x_wconf 91' lang='lat' dir='ltr'>num</span> <span class='ocrx_word' id='word_1_3' title='bbox 302 591 339 642; x_wconf 88' lang='lat' dir='ltr'>re</span> <span class='ocrx_word' id='word_1_4' title='bbox 361 590 436 640; x_wconf 85' lang='lat' dir='ltr'>vara</span> <span class='ocrx_word' id='word_1_5' title='bbox 457 570 573 639; x_wconf 83' lang='lat' dir='ltr'>Fabius</span> <span class='ocrx_word' id='word_1_6' title='bbox 593 589 631 638; x_wconf 84' lang='lat' dir='ltr'>ex</span> <span class='ocrx_word' id='word_1_7' title='bbox 654 571 802 655; x_wconf 84' lang='lat' dir='ltr'>Dionysio</span> <span class='ocrx_word' id='word_1_8' title='bbox 823 571 975 652; x_wconf 78' lang='lat' dir='ltr'>hauserit,</span> <span class='ocrx_word' id='word_1_9' title='bbox 997 576 1106 638; x_wconf 81' lang='lat' dir='ltr'>nostru</span> <span class='ocrx_word' id='word_1_10' title='bbox 1123 570 1269 653; x_wconf 85' lang='lat' dir='ltr'>interest,</span> 
     </span>
     <span class='ocr_line' id='line_1_3' title="bbox 205 679 1271 766; baseline -0.004 -16"><span class='ocrx_word' id='word_1_11' title='bbox 205 682 318 766; x_wconf 86' lang='lat' dir='ltr'>quibus</span> <span class='ocrx_word' id='word_1_12' title='bbox 336 701 374 750; x_wconf 87' lang='lat' dir='ltr'>ex</span> <span class='ocrx_word' id='word_1_13' title='bbox 404 681 543 748; x_wconf 87' lang='lat' dir='ltr'>lontibus</span> <span class='ocrx_word' id='word_1_14' title='bbox 570 687 605 748; x_wconf 89' lang='lat' dir='ltr'>et</span> <span class='ocrx_word' id='word_1_15' title='bbox 631 699 692 764; x_wconf 87' lang='lat' dir='ltr'>quo</span> <span class='ocrx_word' id='word_1_16' title='bbox 720 680 810 748; x_wconf 86' lang='lat' dir='ltr'>modo</span> <span class='ocrx_word' id='word_1_17' title='bbox 837 681 869 762; x_wconf 90' lang='lat' dir='ltr'>ii,</span> <span class='ocrx_word' id='word_1_18' title='bbox 901 699 979 764; x_wconf 89' lang='lat' dir='ltr'>quos</span> <span class='ocrx_word' id='word_1_19' title='bbox 1011 679 1177 764; x_wconf 87' lang='lat' dir='ltr'>Dionysius</span> <span class='ocrx_word' id='word_1_20' title='bbox 1209 697 1271 748; x_wconf 92' lang='lat' dir='ltr'>non</span> 
     </span>
     <span class='ocr_line' id='line_1_4' title="bbox 206 789 1272 875; baseline -0.002 -15"><span class='ocrx_word' id='word_1_21' title='bbox 206 791 313 874; x_wconf 80' lang='lat' dir='ltr'>habet,</span> <span class='ocrx_word' id='word_1_22' title='bbox 335 793 367 858; x_wconf 92' lang='lat' dir='ltr'>in</span> <span class='ocrx_word' id='word_1_23' title='bbox 390 792 621 860; x_wconf 90' lang='lat' dir='ltr'>institutionem</span> <span class='ocrx_word' id='word_1_24' title='bbox 642 791 812 859; x_wconf 85' lang='lat' dir='ltr'>oratoriam</span> <span class='ocrx_word' id='word_1_25' title='bbox 833 790 1046 874; x_wconf 83' lang='lat' dir='ltr'>pervenerint.</span> <span class='ocrx_word' id='word_1_26' title='bbox 1089 789 1272 875; x_wconf 88' lang='lat' dir='ltr'>Idemquod</span> 
     </span>
     <span class='ocr_line' id='line_1_5' title="bbox 206 899 1271 987; baseline -0.004 -17"><span class='ocrx_word' id='word_1_27' title='bbox 206 904 238 970; x_wconf 91' lang='lat' dir='ltr'>in</span> <span class='ocrx_word' id='word_1_28' title='bbox 258 903 360 987; x_wconf 84' lang='lat' dir='ltr'>poetis</span> <span class='ocrx_word' id='word_1_29' title='bbox 380 900 613 986; x_wconf 75' lang='lat' dir='ltr'>perlustrandis</span> <span class='ocrx_word' id='word_1_30' title='bbox 632 901 860 985; x_wconf 79' lang='lat' dir='ltr'>perspeximus,</span> <span class='ocrx_word' id='word_1_31' title='bbox 888 899 938 967; x_wconf 88' lang='lat' dir='ltr'>hio</span> <span class='ocrx_word' id='word_1_32' title='bbox 968 919 1093 984; x_wconf 87' lang='lat' dir='ltr'>quoquo</span> <span class='ocrx_word' id='word_1_33' title='bbox 1121 906 1271 984; x_wconf 69' lang='lat' dir='ltr'>apparete</span> 
     </span>
     <span class='ocr_line' id='line_1_6' title="bbox 210 1010 1273 1096; baseline -0.004 -16"><span class='ocrx_word' id='word_1_34' title='bbox 210 1013 262 1096; x_wconf 88' lang='lat' dir='ltr'>qui</span> <span class='ocrx_word' id='word_1_35' title='bbox 283 1012 368 1095; x_wconf 84' lang='lat' dir='ltr'>apud</span> <span class='ocrx_word' id='word_1_36' title='bbox 389 1011 574 1094; x_wconf 85' lang='lat' dir='ltr'>Dionysium</span> <span class='ocrx_word' id='word_1_37' title='bbox 595 1010 711 1078; x_wconf 87' lang='lat' dir='ltr'>desunt</span> <span class='ocrx_word' id='word_1_38' title='bbox 731 1017 887 1092; x_wconf 79' lang='lat' dir='ltr'>auomres,</span> <span class='ocrx_word' id='word_1_39' title='bbox 908 1011 1061 1094; x_wconf 83' lang='lat' dir='ltr'>postremi</span> <span class='ocrx_word' id='word_1_40' title='bbox 1086 1027 1273 1078; x_wconf 79' lang='lat' dir='ltr'>enumeran-</span> 
     </span>
     <span class='ocr_line' id='line_1_7' title="bbox 207 1108 1276 1204; baseline -0.002 -14"><span class='ocrx_word' id='word_1_41' title='bbox 207 1131 263 1190; x_wconf 86' lang='lat' dir='ltr'>tur</span> <span class='ocrx_word' id='word_1_42' title='bbox 297 1123 412 1191; x_wconf 84' lang='lat' dir='ltr'>esteris</span> <span class='ocrx_word' id='word_1_43' title='bbox 447 1121 620 1190; x_wconf 82' lang='lat' dir='ltr'>seeundum</span> <span class='ocrx_word' id='word_1_44' title='bbox 662 1120 758 1189; x_wconf 86' lang='lat' dir='ltr'>lontio</span> <span class='ocrx_word' id='word_1_45' title='bbox 796 1121 1020 1188; x_wconf 82' lang='lat' dir='ltr'>auctoritatem</span> <span class='ocrx_word' id='word_1_46' title='bbox 1059 1108 1276 1204; x_wconf 52' lang='lat' dir='ltr'>perlustratis?</span> 
     </span>
     <span class='ocr_line' id='line_1_8' title="bbox 208 1229 1273 1315; baseline -0.005 -13"><span class='ocrx_word' id='word_1_47' title='bbox 208 1234 308 1302; x_wconf 83' lang='lat' dir='ltr'>Simili</span> <span class='ocrx_word' id='word_1_48' title='bbox 328 1251 366 1301; x_wconf 86' lang='lat' dir='ltr'>ao</span> <span class='ocrx_word' id='word_1_49' title='bbox 386 1232 427 1300; x_wconf 86' lang='lat' dir='ltr'>de</span> <span class='ocrx_word' id='word_1_50' title='bbox 448 1232 552 1315; x_wconf 87' lang='lat' dir='ltr'>poetis</span> <span class='ocrx_word' id='word_1_51' title='bbox 570 1230 662 1298; x_wconf 86' lang='lat' dir='ltr'>modo</span> <span class='ocrx_word' id='word_1_52' title='bbox 682 1232 723 1298; x_wconf 85' lang='lat' dir='ltr'>da</span> <span class='ocrx_word' id='word_1_53' title='bbox 745 1249 852 1298; x_wconf 87' lang='lat' dir='ltr'>rerum</span> <span class='ocrx_word' id='word_1_54' title='bbox 873 1229 1079 1313; x_wconf 85' lang='lat' dir='ltr'>scriptoribus</span> <span class='ocrx_word' id='word_1_55' title='bbox 1098 1232 1139 1299; x_wconf 84' lang='lat' dir='ltr'>ud</span> <span class='ocrx_word' id='word_1_56' title='bbox 1150 1237 1273 1314; x_wconf 85' lang='lat' dir='ltr'>postre-</span> 
     </span>
     <span class='ocr_line' id='line_1_9' title="bbox 208 1339 1273 1434; baseline -0.002 -24"><span class='ocrx_word' id='word_1_57' title='bbox 208 1363 293 1410; x_wconf 95' lang='lat' dir='ltr'>mum</span> <span class='ocrx_word' id='word_1_58' title='bbox 315 1342 431 1412; x_wconf 87' lang='lat' dir='ltr'>additis</span> <span class='ocrx_word' id='word_1_59' title='bbox 452 1347 599 1414; x_wconf 83' lang='lat' dir='ltr'>nontam</span> <span class='ocrx_word' id='word_1_60' title='bbox 621 1339 771 1408; x_wconf 84' lang='lat' dir='ltr'>accurata</span> <span class='ocrx_word' id='word_1_61' title='bbox 792 1340 908 1408; x_wconf 88' lang='lat' dir='ltr'>iudicia</span> <span class='ocrx_word' id='word_1_62' title='bbox 928 1359 1021 1434; x_wconf 89' lang='lat' dir='ltr'>quam</span> <span class='ocrx_word' id='word_1_63' title='bbox 1049 1340 1090 1407; x_wconf 90' lang='lat' dir='ltr'>de</span> <span class='ocrx_word' id='word_1_64' title='bbox 1116 1341 1273 1424; x_wconf 87' lang='lat' dir='ltr'>prioribus</span> 
     </span>
     <span class='ocr_line' id='line_1_10' title="bbox 208 1449 1275 1535; baseline -0.002 -15"><span class='ocrx_word' id='word_1_65' title='bbox 208 1453 365 1520; x_wconf 76' lang='lat' dir='ltr'>seruntur.</span> <span class='ocrx_word' id='word_1_66' title='bbox 421 1451 621 1534; x_wconf 89' lang='lat' dir='ltr'>Ephorum</span> <span class='ocrx_word' id='word_1_67' title='bbox 650 1451 850 1534; x_wconf 85' lang='lat' dir='ltr'>Theopompo</span> <span class='ocrx_word' id='word_1_68' title='bbox 878 1449 1020 1518; x_wconf 87' lang='lat' dir='ltr'>additum</span> <span class='ocrx_word' id='word_1_69' title='bbox 1052 1468 1122 1518; x_wconf 88' lang='lat' dir='ltr'>esse</span> <span class='ocrx_word' id='word_1_70' title='bbox 1143 1457 1275 1535; x_wconf 86' lang='lat' dir='ltr'>proptor</span> 
     </span>
    </p>
   </div>
   <div class='ocr_carea' id='block_1_3' title="bbox 77 1559 1274 1645">
    <p class='ocr_par' dir='ltr' id='par_1_3' title="bbox 77 1559 1274 1645">
     <span class='ocr_line' id='line_1_11' title="bbox 77 1559 1274 1645; baseline -0.001 -16"><span class='ocrx_word' id='word_1_71' title='bbox 77 1611 79 1616; x_wconf 85' lang='lat'>-</span> <span class='ocrx_word' id='word_1_72' title='bbox 210 1563 449 1632; x_wconf 84' lang='lat' dir='ltr'>contubernium</span> <span class='ocrx_word' id='word_1_73' title='bbox 469 1563 663 1632; x_wconf 83' lang='lat' dir='ltr'>Isocrateum</span> <span class='ocrx_word' id='word_1_74' title='bbox 684 1566 915 1645; x_wconf 87' lang='lat' dir='ltr'>perspexerunt</span> <span class='ocrx_word' id='word_1_75' title='bbox 927 1561 1051 1630; x_wconf 90' lang='lat' dir='ltr'>Usener</span> <span class='ocrx_word' id='word_1_76' title='bbox 1060 1559 1086 1644; x_wconf 82' lang='grc'>1)</span> <span class='ocrx_word' id='word_1_77' title='bbox 1110 1566 1144 1628; x_wconf 90' lang='lat' dir='ltr'>et</span> <span class='ocrx_word' id='word_1_78' title='bbox 1165 1560 1274 1628; x_wconf 82' lang='lat' dir='ltr'>Glaus-</span> 
     </span>
    </p>
   </div>
   <div class='ocr_carea' id='block_1_4' title="bbox 207 1670 1281 4177">
    <p class='ocr_par' dir='ltr' id='par_1_4' title="bbox 207 1670 1279 3518">
     <span class='ocr_line' id='line_1_12' title="bbox 209 1670 1274 1756; baseline -0.005 -15"><span class='ocrx_word' id='word_1_79' title='bbox 209 1674 311 1756; x_wconf 88' lang='lat' dir='ltr'>sen²).</span> <span class='ocrx_word' id='word_1_80' title='bbox 355 1672 432 1740; x_wconf 90' lang='lat' dir='ltr'>Eius</span> <span class='ocrx_word' id='word_1_81' title='bbox 453 1671 731 1740; x_wconf 88' lang='lat' dir='ltr'>oontuberniilons</span> <span class='ocrx_word' id='word_1_82' title='bbox 745 1670 926 1738; x_wconf 79' lang='lat' dir='ltr'>luitcieero</span> <span class='ocrx_word' id='word_1_83' title='bbox 939 1671 1274 1754; x_wconf 69' lang='lat' dir='ltr'>(erronearum...</span> 
     </span>
     <span class='ocr_line' id='line_1_13' title="bbox 214 1780 1275 1865; baseline -0.003 -15"><span class='ocrx_word' id='word_1_84' title='bbox 214 1791 250 1850; x_wconf 88' lang='lat' dir='ltr'>ut</span> <span class='ocrx_word' id='word_1_85' title='bbox 272 1785 443 1850; x_wconf 83' lang='lat' dir='ltr'>Isocratem</span> <span class='ocrx_word' id='word_1_86' title='bbox 463 1782 496 1847; x_wconf 93' lang='lat' dir='ltr'>irr</span> <span class='ocrx_word' id='word_1_87' title='bbox 517 1781 671 1850; x_wconf 80' lang='lat' dir='ltr'>acernmo</span> <span class='ocrx_word' id='word_1_88' title='bbox 691 1780 816 1864; x_wconf 80' lang='lat' dir='ltr'>ingenio</span> <span class='ocrx_word' id='word_1_89' title='bbox 836 1781 1027 1865; x_wconf 87' lang='lat' dir='ltr'>Theopompi</span> <span class='ocrx_word' id='word_1_90' title='bbox 1056 1786 1090 1848; x_wconf 94' lang='lat' dir='ltr'>et</span> <span class='ocrx_word' id='word_1_91' title='bbox 1116 1781 1275 1850; x_wconf 87' lang='lat' dir='ltr'>lenissimo</span> 
     </span>
     <span class='ocr_line' id='line_1_14' title="bbox 209 1890 1276 1976; baseline -0.002 -16"><span class='ocrx_word' id='word_1_92' title='bbox 209 1893 328 1976; x_wconf 85' lang='lat' dir='ltr'>Ephori</span> <span class='ocrx_word' id='word_1_93' title='bbox 355 1892 471 1960; x_wconf 84' lang='lat' dir='ltr'>dixisse</span> <span class='ocrx_word' id='word_1_94' title='bbox 492 1890 645 1958; x_wconf 80' lang='lat' dir='ltr'>nuditum</span> <span class='ocrx_word' id='word_1_95' title='bbox 666 1899 717 1958; x_wconf 90' lang='lat' dir='ltr'>est</span> <span class='ocrx_word' id='word_1_96' title='bbox 738 1891 846 1975; x_wconf 64' lang='lat' dir='ltr'>eati).</span> <span class='ocrx_word' id='word_1_97' title='bbox 895 1891 945 1958; x_wconf 88' lang='lat' dir='ltr'>Da</span> <span class='ocrx_word' id='word_1_98' title='bbox 966 1890 1177 1959; x_wconf 82' lang='lat' dir='ltr'>critoreno</span> <span class='ocrx_word' id='word_1_99' title='bbox 1196 1892 1276 1958; x_wconf 86' lang='lat' dir='ltr'>satis</span> 
     </span>
     <span class='ocr_line' id='line_1_15' title="bbox 212 2000 1277 2086; baseline -0.003 -16"><span class='ocrx_word' id='word_1_100' title='bbox 212 2003 378 2086; x_wconf 86' lang='lat' dir='ltr'>perspicue</span> <span class='ocrx_word' id='word_1_101' title='bbox 400 2003 467 2084; x_wconf 86' lang='lat' dir='ltr'>egit</span> <span class='ocrx_word' id='word_1_102' title='bbox 484 2000 637 2068; x_wconf 83' lang='lat' dir='ltr'>Olaussen</span> <span class='ocrx_word' id='word_1_103' title='bbox 645 2001 685 2085; x_wconf 84' lang='lat'>²),</span> <span class='ocrx_word' id='word_1_104' title='bbox 706 2009 740 2068; x_wconf 93' lang='lat' dir='ltr'>et</span> <span class='ocrx_word' id='word_1_105' title='bbox 759 2001 1010 2084; x_wconf 81' lang='lat' dir='ltr'>Timagenes,</span> <span class='ocrx_word' id='word_1_106' title='bbox 1031 2019 1125 2085; x_wconf 86' lang='lat' dir='ltr'>quem</span> <span class='ocrx_word' id='word_1_107' title='bbox 1157 2001 1277 2068; x_wconf 87' lang='lat' dir='ltr'>Timaei</span> 
     </span>
     <span class='ocr_line' id='line_1_16' title="bbox 212 2110 1276 2195; baseline -0.003 -15"><span class='ocrx_word' id='word_1_108' title='bbox 212 2113 406 2181; x_wconf 80' lang='lat' dir='ltr'>ciceroniani</span> <span class='ocrx_word' id='word_1_109' title='bbox 426 2115 539 2195; x_wconf 87' lang='lat' dir='ltr'>portos</span> <span class='ocrx_word' id='word_1_110' title='bbox 559 2111 736 2194; x_wconf 81' lang='lat' dir='ltr'>suscepisse</span> <span class='ocrx_word' id='word_1_111' title='bbox 757 2111 911 2178; x_wconf 81' lang='lat' dir='ltr'>claussen</span> <span class='ocrx_word' id='word_1_112' title='bbox 932 2110 987 2195; x_wconf 70' lang='lat' dir='ltr'>ait,</span> <span class='ocrx_word' id='word_1_113' title='bbox 1012 2111 1131 2178; x_wconf 84' lang='lat' dir='ltr'>Romae</span> <span class='ocrx_word' id='word_1_114' title='bbox 1153 2111 1276 2179; x_wconf 90' lang='lat' dir='ltr'>notissi-</span> 
     </span>
     <span class='ocr_line' id='line_1_17' title="bbox 211 2220 1278 2304; baseline -0.003 -14"><span class='ocrx_word' id='word_1_115' title='bbox 211 2241 281 2290; x_wconf 94' lang='lat' dir='ltr'>mus</span> <span class='ocrx_word' id='word_1_116' title='bbox 292 2228 372 2304; x_wconf 81' lang='lat' dir='ltr'>erat,</span> <span class='ocrx_word' id='word_1_117' title='bbox 384 2240 454 2290; x_wconf 86' lang='lat' dir='ltr'>oum</span> <span class='ocrx_word' id='word_1_118' title='bbox 466 2240 504 2289; x_wconf 95' lang='lat' dir='ltr'>eo</span> <span class='ocrx_word' id='word_1_119' title='bbox 514 2238 596 2288; x_wconf 88' lang='lat' dir='ltr'>anno</span> <span class='ocrx_word' id='word_1_120' title='bbox 606 2224 648 2288; x_wconf 85' lang='lat' dir='ltr'>bb</span> <span class='ocrx_word' id='word_1_121' title='bbox 664 2221 812 2288; x_wconf 89' lang='lat' dir='ltr'>venisset.</span> <span class='ocrx_word' id='word_1_122' title='bbox 833 2222 922 2301; x_wconf 80' lang='lat' dir='ltr'>Quae</span> <span class='ocrx_word' id='word_1_123' title='bbox 937 2221 977 2288; x_wconf 86' lang='lat' dir='ltr'>de</span> <span class='ocrx_word' id='word_1_124' title='bbox 988 2220 1201 2290; x_wconf 79' lang='lat' dir='ltr'>celeberrimis</span> <span class='ocrx_word' id='word_1_125' title='bbox 1215 2222 1278 2288; x_wconf 88' lang='lat' dir='ltr'>illis</span> 
     </span>
     <span class='ocr_line' id='line_1_18' title="bbox 211 2329 1278 2415; baseline -0.001 -16"><span class='ocrx_word' id='word_1_126' title='bbox 211 2352 319 2400; x_wconf 88' lang='lat' dir='ltr'>rerum</span> <span class='ocrx_word' id='word_1_127' title='bbox 340 2331 557 2415; x_wconf 81' lang='lat' dir='ltr'>scriptoribus,</span> <span class='ocrx_word' id='word_1_128' title='bbox 573 2329 788 2415; x_wconf 77' lang='lat' dir='ltr'>Thucydide</span> <span class='ocrx_word' id='word_1_129' title='bbox 810 2339 843 2398; x_wconf 89' lang='lat' dir='ltr'>et</span> <span class='ocrx_word' id='word_1_130' title='bbox 865 2331 1057 2399; x_wconf 86' lang='lat' dir='ltr'>Herodoto</span> <span class='ocrx_word' id='word_1_131' title='bbox 1066 2332 1278 2412; x_wconf 81' lang='lat' dir='ltr'>Quintilianus</span> 
     </span>
     <span class='ocr_line' id='line_1_19' title="bbox 212 2439 1275 2525; baseline -0.001 -16"><span class='ocrx_word' id='word_1_132' title='bbox 212 2442 298 2524; x_wconf 83' lang='lat' dir='ltr'>dicit,</span> <span class='ocrx_word' id='word_1_133' title='bbox 318 2443 345 2509; x_wconf 89' lang='lat' dir='ltr'>si</span> <span class='ocrx_word' id='word_1_134' title='bbox 366 2460 428 2508; x_wconf 91' lang='lat' dir='ltr'>nou</span> <span class='ocrx_word' id='word_1_135' title='bbox 449 2439 639 2508; x_wconf 88' lang='lat' dir='ltr'>verbotenus</span> <span class='ocrx_word' id='word_1_136' title='bbox 662 2459 704 2508; x_wconf 84' lang='lat' dir='ltr'>ex</span> <span class='ocrx_word' id='word_1_137' title='bbox 727 2441 1000 2510; x_wconf 83' lang='lat' dir='ltr'>Hahcrrrnosseusi</span> <span class='ocrx_word' id='word_1_138' title='bbox 1020 2442 1163 2524; x_wconf 84' lang='lat' dir='ltr'>profecta</span> <span class='ocrx_word' id='word_1_139' title='bbox 1190 2448 1275 2525; x_wconf 89' lang='lat' dir='ltr'>sunt,</span> 
     </span>
     <span class='ocr_line' id='line_1_20' title="bbox 212 2550 1274 2636; baseline -0.002 -16"><span class='ocrx_word' id='word_1_140' title='bbox 212 2559 319 2620; x_wconf 88' lang='lat' dir='ltr'>tamen</span> <span class='ocrx_word' id='word_1_141' title='bbox 343 2552 456 2618; x_wconf 90' lang='lat' dir='ltr'>mirum</span> <span class='ocrx_word' id='word_1_142' title='bbox 470 2551 502 2617; x_wconf 93' lang='lat' dir='ltr'>irr</span> <span class='ocrx_word' id='word_1_143' title='bbox 513 2550 639 2619; x_wconf 88' lang='lat' dir='ltr'>modum</span> <span class='ocrx_word' id='word_1_144' title='bbox 651 2553 861 2634; x_wconf 82' lang='lat' dir='ltr'>consentiunt,</span> <span class='ocrx_word' id='word_1_145' title='bbox 877 2551 963 2618; x_wconf 90' lang='lat' dir='ltr'>velut</span> <span class='ocrx_word' id='word_1_146' title='bbox 975 2551 1065 2620; x_wconf 87' lang='lat' dir='ltr'>Dion.</span> <span class='ocrx_word' id='word_1_147' title='bbox 1077 2553 1117 2618; x_wconf 87' lang='lat' dir='ltr'>ad</span> <span class='ocrx_word' id='word_1_148' title='bbox 1130 2551 1238 2636; x_wconf 91' lang='lat' dir='ltr'>Pomp.</span> <span class='ocrx_word' id='word_1_149' title='bbox 1254 2556 1274 2618; x_wconf 87' lang='lat'>3</span> 
     </span>
     <span class='ocr_line' id='line_1_21' title="bbox 212 2657 1276 2752; baseline -0.001 -24"><span class='ocrx_word' id='word_1_150' title='bbox 212 2683 242 2746; x_wconf 87' lang='lat' dir='ltr'>p.</span> <span class='ocrx_word' id='word_1_151' title='bbox 265 2665 325 2729; x_wconf 80' lang='grc'>768</span> <span class='ocrx_word' id='word_1_152' title='bbox 347 2663 383 2727; x_wconf 87' lang='lat' dir='ltr'>R.</span> <span class='ocrx_word' id='word_1_153' title='bbox 393 2682 401 2726; x_wconf 74' lang='grc' dir='ltr'>ε</span> <span class='ocrx_word' id='word_1_154' title='bbox 413 2657 500 2752; x_wconf 77' lang='grc' dir='ltr'>Ὅσῳ</span> <span class='ocrx_word' id='word_1_155' title='bbox 515 2660 554 2727; x_wconf 82' lang='grc' dir='ltr'>δὲ</span> <span class='ocrx_word' id='word_1_156' title='bbox 567 2666 723 2749; x_wconf 71' lang='lat' dir='ltr'>spernor</span> <span class='ocrx_word' id='word_1_157' title='bbox 738 2659 757 2746; x_wconf 74' lang='lat' dir='ltr'>ip</span> <span class='ocrx_word' id='word_1_158' title='bbox 774 2660 815 2728; x_wconf 76' lang='lat' dir='ltr'>eoi</span> <span class='ocrx_word' id='word_1_159' title='bbox 830 2664 1015 2747; x_wconf 69' lang='lat' dir='ltr'>dorpaneo</span> <span class='ocrx_word' id='word_1_160' title='bbox 1031 2660 1112 2750; x_wconf 75' lang='grc' dir='ltr'><strong><em>ἔργα</em></strong></span> <span class='ocrx_word' id='word_1_161' title='bbox 1128 2662 1276 2748; x_wconf 73' lang='grc' dir='ltr'><strong><em>δηλοῦσα</em></strong></span> 
     </span>
     <span class='ocr_line' id='line_1_22' title="bbox 207 2765 1276 2862; baseline 0.001 -24"><span class='ocrx_word' id='word_1_162' title='bbox 207 2765 369 2859; x_wconf 77' lang='grc' dir='ltr'><strong><em>Ἑλλήνων</em></strong></span> <span class='ocrx_word' id='word_1_163' title='bbox 388 2776 446 2838; x_wconf 79' lang='grc' dir='ltr'>καλ</span> <span class='ocrx_word' id='word_1_164' title='bbox 465 2769 648 2858; x_wconf 68' lang='grc' dir='ltr'>βαρβάρων</span> <span class='ocrx_word' id='word_1_165' title='bbox 667 2770 778 2858; x_wconf 67' lang='grc' dir='ltr'><strong><em>γραφὴ</em></strong></span> <span class='ocrx_word' id='word_1_166' title='bbox 808 2772 987 2857; x_wconf 80' lang='lat' dir='ltr'>(Herodoti)</span> <span class='ocrx_word' id='word_1_167' title='bbox 1010 2781 1067 2859; x_wconf 75' lang='grc' dir='ltr'>τῆς</span> <span class='ocrx_word' id='word_1_168' title='bbox 1083 2767 1135 2839; x_wconf 74' lang='lat' dir='ltr'>¹eri</span> <span class='ocrx_word' id='word_1_169' title='bbox 1162 2770 1276 2862; x_wconf 74' lang='grc' dir='ltr'>οἰκτροὶ</span> 
     </span>
     <span class='ocr_line' id='line_1_23' title="bbox 213 2877 1276 2968; baseline 0.001 -19"><span class='ocrx_word' id='word_1_170' title='bbox 213 2889 270 2949; x_wconf 81' lang='grc' dir='ltr'>καλ</span> <span class='ocrx_word' id='word_1_171' title='bbox 292 2883 387 2950; x_wconf 77' lang='grc' dir='ltr'><em>δεινὰ</em></span> <span class='ocrx_word' id='word_1_172' title='bbox 409 2879 509 2966; x_wconf 76' lang='grc' dir='ltr'>πάθη</span> <span class='ocrx_word' id='word_1_173' title='bbox 527 2891 593 2947; x_wconf 81' lang='grc' dir='ltr'>τῶν</span> <span class='ocrx_word' id='word_1_174' title='bbox 606 2877 769 2967; x_wconf 75' lang='grc' dir='ltr'><em>Ἑλλήνων</em></span> <span class='ocrx_word' id='word_1_175' title='bbox 783 2881 1040 2968; x_wconf 76' lang='grc' dir='ltr'><strong><em>διαγγελλούσης</em></strong></span> <span class='ocrx_word' id='word_1_176' title='bbox 1059 2882 1276 2967; x_wconf 80' lang='lat' dir='ltr'>(Thucydidis)</span> 
     </span>
     <span class='ocr_line' id='line_1_24' title="bbox 214 2991 1277 3076; baseline 0 -16"><span class='ocrx_word' id='word_1_177' title='bbox 214 3002 275 3074; x_wconf 83' lang='lat' dir='ltr'>eut,</span> <span class='ocrx_word' id='word_1_178' title='bbox 297 3001 331 3059; x_wconf 89' lang='lat' dir='ltr'>et</span> <span class='ocrx_word' id='word_1_179' title='bbox 354 2992 460 3072; x_wconf 84' lang='lat' dir='ltr'>Quint.</span> <span class='ocrx_word' id='word_1_180' title='bbox 484 2992 523 3070; x_wconf 86' lang='lat' dir='ltr'>ll,</span> <span class='ocrx_word' id='word_1_181' title='bbox 546 2994 574 3073; x_wconf 89' lang='lat'>1,</span> <span class='ocrx_word' id='word_1_182' title='bbox 596 2991 653 3057; x_wconf 76' lang='lat'>73:</span> <span class='ocrx_word' id='word_1_183' title='bbox 681 2992 754 3075; x_wconf 89' lang='lat' dir='ltr'>,ille</span> <span class='ocrx_word' id='word_1_184' title='bbox 779 2991 1005 3076; x_wconf 84' lang='lat' dir='ltr'>(Thucydides)</span> <span class='ocrx_word' id='word_1_185' title='bbox 1032 2991 1277 3072; x_wconf 75' lang='lat' dir='ltr'>concitatishie</span> 
     </span>
     <span class='ocr_line' id='line_1_25' title="bbox 213 3100 1277 3187; baseline -0.001 -17"><span class='ocrx_word' id='word_1_186' title='bbox 213 3103 354 3170; x_wconf 90' lang='lat' dir='ltr'>remissis</span> <span class='ocrx_word' id='word_1_187' title='bbox 373 3100 538 3170; x_wconf 83' lang='lat' dir='ltr'>affectibus</span> <span class='ocrx_word' id='word_1_188' title='bbox 559 3103 698 3170; x_wconf 81' lang='lat' dir='ltr'>melior.“</span> <span class='ocrx_word' id='word_1_189' title='bbox 742 3102 847 3170; x_wconf 88' lang='lat' dir='ltr'>Etiam</span> <span class='ocrx_word' id='word_1_190' title='bbox 863 3121 943 3187; x_wconf 87' lang='lat' dir='ltr'>quae</span> <span class='ocrx_word' id='word_1_191' title='bbox 954 3103 1174 3186; x_wconf 89' lang='lat' dir='ltr'>insequuntur,</span> <span class='ocrx_word' id='word_1_192' title='bbox 1188 3103 1277 3170; x_wconf 91' lang='lat' dir='ltr'>illum</span> 
     </span>
     <span class='ocr_line' id='line_1_26' title="bbox 215 3210 1278 3298; baseline 0.001 -19"><span class='ocrx_word' id='word_1_193' title='bbox 215 3214 370 3294; x_wconf 83' lang='lat' dir='ltr'>contione,</span> <span class='ocrx_word' id='word_1_194' title='bbox 390 3211 474 3279; x_wconf 90' lang='lat' dir='ltr'>huno</span> <span class='ocrx_word' id='word_1_195' title='bbox 496 3211 702 3292; x_wconf 86' lang='lat' dir='ltr'>sermonibus,</span> <span class='ocrx_word' id='word_1_196' title='bbox 723 3213 811 3279; x_wconf 93' lang='lat' dir='ltr'>illum</span> <span class='ocrx_word' id='word_1_197' title='bbox 833 3213 873 3295; x_wconf 84' lang='lat' dir='ltr'>vi,</span> <span class='ocrx_word' id='word_1_198' title='bbox 895 3210 978 3280; x_wconf 86' lang='lat' dir='ltr'>huno</span> <span class='ocrx_word' id='word_1_199' title='bbox 999 3214 1161 3298; x_wconf 83' lang='lat' dir='ltr'>voluptate</span> <span class='ocrx_word' id='word_1_200' title='bbox 1190 3212 1278 3280; x_wconf 87' lang='lat' dir='ltr'>meli·</span> 
     </span>
     <span class='ocr_line' id='line_1_27' title="bbox 215 3321 1279 3406; baseline 0.001 -15"><span class='ocrx_word' id='word_1_201' title='bbox 215 3343 302 3392; x_wconf 91' lang='lat' dir='ltr'>orem</span> <span class='ocrx_word' id='word_1_202' title='bbox 325 3340 395 3390; x_wconf 86' lang='lat' dir='ltr'>asse</span> <span class='ocrx_word' id='word_1_203' title='bbox 418 3341 456 3388; x_wconf 89' lang='lat' dir='ltr'>err</span> <span class='ocrx_word' id='word_1_204' title='bbox 477 3321 626 3406; x_wconf 83' lang='lat' dir='ltr'>Dionysio</span> <span class='ocrx_word' id='word_1_205' title='bbox 646 3323 785 3405; x_wconf 82' lang='lat' dir='ltr'>repetitu</span> <span class='ocrx_word' id='word_1_206' title='bbox 807 3326 892 3405; x_wconf 90' lang='lat' dir='ltr'>sunt,</span> <span class='ocrx_word' id='word_1_207' title='bbox 913 3323 1002 3392; x_wconf 88' lang='lat' dir='ltr'>ouius</span> <span class='ocrx_word' id='word_1_208' title='bbox 1022 3323 1071 3390; x_wconf 89' lang='lat' dir='ltr'>rei</span> <span class='ocrx_word' id='word_1_209' title='bbox 1090 3323 1279 3392; x_wconf 82' lang='lat' dir='ltr'>documenta</span> 
     </span>
     <span class='ocr_line' id='line_1_28' title="bbox 215 3431 980 3518; baseline 0 -18"><span class='ocrx_word' id='word_1_210' title='bbox 215 3433 430 3501; x_wconf 81' lang='lat' dir='ltr'>oclausseno</span> <span class='ocrx_word' id='word_1_211' title='bbox 452 3432 487 3518; x_wconf 89' lang='lat' dir='ltr'>(l.</span> <span class='ocrx_word' id='word_1_212' title='bbox 509 3431 544 3514; x_wconf 89' lang='lat' dir='ltr'>l.)</span> <span class='ocrx_word' id='word_1_213' title='bbox 567 3433 738 3515; x_wconf 87' lang='lat' dir='ltr'>composita</span> <span class='ocrx_word' id='word_1_214' title='bbox 758 3439 842 3501; x_wconf 87' lang='lat' dir='ltr'>sunt.</span> <span class='ocrx_word' id='word_1_215' title='bbox 978 3443 980 3452; x_wconf 81' lang='grc'>’</span> 
     </span>
    </p>

    <p class='ocr_par' dir='ltr' id='par_1_5' title="bbox 216 3541 1281 3957">
     <span class='ocr_line' id='line_1_29' title="bbox 299 3541 1279 3628; baseline 0 -18"><span class='ocrx_word' id='word_1_216' title='bbox 299 3543 347 3610; x_wconf 92' lang='lat' dir='ltr'>De</span> <span class='ocrx_word' id='word_1_217' title='bbox 369 3542 623 3625; x_wconf 85' lang='lat' dir='ltr'>oratoribus,</span> <span class='ocrx_word' id='word_1_218' title='bbox 643 3543 683 3609; x_wconf 90' lang='lat' dir='ltr'>de</span> <span class='ocrx_word' id='word_1_219' title='bbox 705 3541 817 3628; x_wconf 87' lang='lat' dir='ltr'>quibus</span> <span class='ocrx_word' id='word_1_220' title='bbox 831 3544 863 3609; x_wconf 92' lang='lat' dir='ltr'>in</span> <span class='ocrx_word' id='word_1_221' title='bbox 878 3543 1033 3626; x_wconf 90' lang='lat' dir='ltr'>epimetro</span> <span class='ocrx_word' id='word_1_222' title='bbox 1055 3561 1195 3626; x_wconf 77' lang='lat' dir='ltr'>agemus,</span> <span class='ocrx_word' id='word_1_223' title='bbox 1216 3560 1279 3610; x_wconf 92' lang='lat' dir='ltr'>norr</span> 
     </span>
     <span class='ocr_line' id='line_1_30' title="bbox 216 3651 1281 3721; baseline -0.003 0"><span class='ocrx_word' id='word_1_224' title='bbox 216 3654 350 3721; x_wconf 91' lang='lat' dir='ltr'>multum</span> <span class='ocrx_word' id='word_1_225' title='bbox 372 3651 550 3719; x_wconf 87' lang='lat' dir='ltr'>addendum</span> <span class='ocrx_word' id='word_1_226' title='bbox 578 3658 635 3720; x_wconf 87' lang='lat' dir='ltr'>est.</span> <span class='ocrx_word' id='word_1_227' title='bbox 685 3653 842 3720; x_wconf 83' lang='lat' dir='ltr'>Decedam</span> <span class='ocrx_word' id='word_1_228' title='bbox 870 3661 1030 3721; x_wconf 82' lang='lat' dir='ltr'>oratorum</span> <span class='ocrx_word' id='word_1_229' title='bbox 1057 3653 1233 3721; x_wconf 82' lang='lat' dir='ltr'>Atticorum</span> <span class='ocrx_word' id='word_1_230' title='bbox 1259 3671 1281 3718; x_wconf 85' lang='lat' dir='ltr'>a</span> 
     </span>
     <span class='ocr_line' id='line_1_31' title="bbox 216 3762 1279 3848; baseline 0 -18"><span class='ocrx_word' id='word_1_231' title='bbox 216 3763 361 3846; x_wconf 82' lang='lat' dir='ltr'>caecilio,</span> <span class='ocrx_word' id='word_1_232' title='bbox 383 3771 420 3830; x_wconf 91' lang='lat' dir='ltr'>ut</span> <span class='ocrx_word' id='word_1_233' title='bbox 441 3762 574 3845; x_wconf 88' lang='lat' dir='ltr'>videtur,</span> <span class='ocrx_word' id='word_1_234' title='bbox 597 3764 800 3848; x_wconf 81' lang='lat' dir='ltr'>compositam</span> <span class='ocrx_word' id='word_1_235' title='bbox 822 3763 913 3832; x_wconf 87' lang='lat' dir='ltr'>laoile</span> <span class='ocrx_word' id='word_1_236' title='bbox 934 3782 954 3830; x_wconf 90' lang='lat' dir='ltr'>a</span> <span class='ocrx_word' id='word_1_237' title='bbox 974 3763 1166 3843; x_wconf 81' lang='lat' dir='ltr'>Quintiliano</span> <span class='ocrx_word' id='word_1_238' title='bbox 1185 3781 1279 3847; x_wconf 91' lang='lat' dir='ltr'>posse</span> 
     </span>
     <span class='ocr_line' id='line_1_32' title="bbox 216 3874 751 3957; baseline -0.004 -14"><span class='ocrx_word' id='word_1_239' title='bbox 216 3874 453 3943; x_wconf 85' lang='lat' dir='ltr'>commemorari</span> <span class='ocrx_word' id='word_1_240' title='bbox 473 3893 532 3956; x_wconf 91' lang='lat' dir='ltr'>per</span> <span class='ocrx_word' id='word_1_241' title='bbox 553 3892 588 3940; x_wconf 90' lang='lat' dir='ltr'>se</span> <span class='ocrx_word' id='word_1_242' title='bbox 609 3881 751 3957; x_wconf 81' lang='lat' dir='ltr'>apparet</span> 
     </span>
    </p>

    <p class='ocr_par' dir='ltr' id='par_1_6' title="bbox 218 3982 1281 4177">
     <span class='ocr_line' id='line_1_33' title="bbox 299 3982 1279 4068; baseline -0.002 -16"><span class='ocrx_word' id='word_1_243' title='bbox 299 3982 362 4052; x_wconf 87' lang='lat' dir='ltr'>Sed</span> <span class='ocrx_word' id='word_1_244' title='bbox 384 4001 536 4051; x_wconf 90' lang='lat' dir='ltr'>numerus</span> <span class='ocrx_word' id='word_1_245' title='bbox 555 4002 620 4051; x_wconf 92' lang='lat' dir='ltr'>una</span> <span class='ocrx_word' id='word_1_246' title='bbox 639 4003 692 4052; x_wconf 89' lang='lat' dir='ltr'>res</span> <span class='ocrx_word' id='word_1_247' title='bbox 713 4003 814 4068; x_wconf 86' lang='lat' dir='ltr'>eaque</span> <span class='ocrx_word' id='word_1_248' title='bbox 845 3986 914 4053; x_wconf 88' lang='lat' dir='ltr'>sole</span> <span class='ocrx_word' id='word_1_249' title='bbox 936 3985 1061 4053; x_wconf 87' lang='lat' dir='ltr'>videtur</span> <span class='ocrx_word' id='word_1_250' title='bbox 1082 4003 1164 4066; x_wconf 88' lang='lat' dir='ltr'>esse,</span> <span class='ocrx_word' id='word_1_251' title='bbox 1184 4002 1279 4067; x_wconf 86' lang='lat' dir='ltr'>quom</span> 
     </span>
     <span class='ocr_line' id='line_1_34' title="bbox 218 4094 1281 4177; baseline -0.001 -15"><span class='ocrx_word' id='word_1_252' title='bbox 218 4094 429 4177; x_wconf 83' lang='lat' dir='ltr'>Quintihanus</span> <span class='ocrx_word' id='word_1_253' title='bbox 448 4095 480 4161; x_wconf 92' lang='lat' dir='ltr'>in</span> <span class='ocrx_word' id='word_1_254' title='bbox 501 4094 560 4160; x_wconf 84' lang='lat' dir='ltr'>hac</span> <span class='ocrx_word' id='word_1_255' title='bbox 580 4112 617 4160; x_wconf 88' lang='lat' dir='ltr'>re</span> <span class='ocrx_word' id='word_1_256' title='bbox 636 4113 655 4160; x_wconf 84' lang='lat' dir='ltr'>a</span> <span class='ocrx_word' id='word_1_257' title='bbox 676 4095 811 4162; x_wconf 85' lang='lat' dir='ltr'>Caeoiho</span> <span class='ocrx_word' id='word_1_258' title='bbox 833 4102 996 4164; x_wconf 81' lang='lat' dir='ltr'>mutuatus</span> <span class='ocrx_word' id='word_1_259' title='bbox 1018 4101 1083 4163; x_wconf 86' lang='lat' dir='ltr'>est:</span> <span class='ocrx_word' id='word_1_260' title='bbox 1111 4095 1144 4162; x_wconf 92' lang='lat' dir='ltr'>irr</span> <span class='ocrx_word' id='word_1_261' title='bbox 1165 4095 1281 4163; x_wconf 84' lang='lat' dir='ltr'>ceteris</span> 
     </span>
    </p>
   </div>
   <div class='ocr_carea' id='block_1_5' title="bbox 290 4249 524 4423">
    <p class='ocr_par' dir='ltr' id='par_1_7' title="bbox 290 4249 524 4423">
     <span class='ocr_line' id='line_1_35' title="bbox 290 4249 520 4322; baseline 0.004 -16"><span class='ocrx_word' id='word_1_262' title='bbox 290 4249 520 4322; x_wconf 67' lang='lat' dir='ltr'>Dhlpssb</span> 
     </span>
     <span class='ocr_line' id='line_1_36' title="bbox 290 4350 524 4423; baseline 0.009 -18"><span class='ocrx_word' id='word_1_263' title='bbox 290 4351 319 4422; x_wconf 66' lang='grc' dir='ltr'>λ)</span> <span class='ocrx_word' id='word_1_264' title='bbox 338 4352 357 4405; x_wconf 92' lang='lat' dir='ltr'>l.</span> <span class='ocrx_word' id='word_1_265' title='bbox 376 4350 394 4407; x_wconf 94' lang='lat' dir='ltr'>l.</span> <span class='ocrx_word' id='word_1_266' title='bbox 415 4367 443 4423; x_wconf 89' lang='lat' dir='ltr'>p.</span> <span class='ocrx_word' id='word_1_267' title='bbox 461 4350 524 4407; x_wconf 74' lang='lat'>849.</span> 
     </span>
    </p>
   </div>
   <div class='ocr_carea' id='block_1_6' title="bbox 0 0 1653 4988">
    <p class='ocr_par' dir='ltr' id='par_1_8' title="bbox 0 0 1653 4988">
     <span class='ocr_line' id='line_1_37' title="bbox 0 0 1653 4988; baseline 0 0"><span class='ocrx_word' id='word_1_268' title='bbox 0 0 1653 4988; x_wconf 95' lang='lat' dir='ltr'> </span> 
     </span>
    </p>
   </div>
  </div>
 </body>
</html>
