3268 4988
805 387 1010 452 ..μὴ

378 572 461 638 enim
482 572 665 656 Dionysium
689 591 760 640 eum
781 578 925 646 secutum
955 595 1113 642 essenon
1141 595 1269 659 possum
1296 595 1357 644 non
1385 596 1440 660 pro

377 687 556 752 contestato
576 682 713 767 habere3
732 684 795 752 duo
813 684 956 768 inprimis
977 686 1036 755 loei
1057 686 1247 769 respiciendi
1261 693 1346 767 sunt,
1361 686 1441 752 alter

380 792 537 876 epitomae
559 811 600 860 ex
621 792 701 861 libro
722 793 859 862 seeundo
890 795 931 862 (le
952 794 1128 863 imitatione
1154 803 1343 880 excerptae,
1359 796 1442 863 alter

377 903 527 986 prooemii
548 903 616 972 eins
635 905 749 987 operis,
771 904 856 988 quod
876 904 1060 976 inscribitur
1087 905 1128 973 de
1155 905 1332 974 oratoribus
1362 906 1443 972 anti·

377 1013 448 1097 quis
468 1015 550 1098 (cap.
578 1015 624 1099 4),
652 1013 706 1080 ubi
737 1013 903 1096 signifieat,
937 1030 1016 1099 qnos
1046 1015 1115 1098 ipse
1146 1008 1281 1099 optimos
1316 1021 1444 1083 senseat

378 1119 451 1209 (οὓς
472 1119 537 1207 sirei
559 1119 704 1210 ἡγοῦμαι
724 1113 945 1212 κρατίστους).
989 1125 1145 1206 Omnium,
1176 1117 1262 1209 quos
1277 1126 1444 1209 Dionysius

377 1232 497 1314 laudat,
509 1239 670 1302 oratorum
683 1234 767 1318 apud
780 1234 1008 1314 Quintilianum
1019 1253 1100 1302 nnus
1120 1229 1213 1302 ¹deest
1226 1237 1444 1320 Lyeurgus.

379 1343 564 1427 Quemque
585 1343 626 1410 de
649 1361 746 1434 eausa
767 1343 883 1411 Fabius
914 1361 975 1412 non
995 1345 1141 1428 recepit?
1173 1346 1337 1429 Lyeurgus
1362 1345 1445 1428 apud

378 1453 562 1536 Dionysium
582 1453 615 1519 in
640 1453 697 1521 illo
723 1471 855 1521 numero
880 1453 1012 1522 duarum
1039 1462 1181 1522 aetatum
1210 1454 1445 1538 praestantissi-

378 1581 500 1630 morum
520 1563 727 1644 oratorum¹l,
745 1563 1295 1647 qnotysian,1soeratem,lsaeun,
1318 1570 1352 1631 et
1368 1563 1447 1642 τούς

378 1668 644 1760 ἕπακμάσαντας
664 1671 808 1753 τούτοις,
817 1673 1073 1757 Demosthenen,
1091 1673 1295 1758 Hyperidem,
1317 1675 1446 1742 Aeschi-

378 1801 451 1850 nem
472 1783 591 1866 laudat,
612 1783 747 1854 inveniri
765 1802 830 1850 nou
850 1788 966 1867 potest
1183 1778 1186 1782 ’

462 1893 622 1973 Quantum
633 1892 861 1973 Quintilianus·
873 1895 907 1959 in
928 1893 1106 1961 oratoribus
1120 1894 1343 1978 pereensemlis
1357 1894 1446 1962 Cieo-

379 2004 449 2071 roni
470 2003 594 2086 debeat,
617 2004 678 2070 alio
700 2009 853 2071 contextu
876 2021 976 2087 supra
994 2002 1244 2071 demonstratum
1257 2010 1308 2071 est
1325 2007 1369 2090 (p.
1382 2006 1448 2085 35).

462 2114 537 2182 lam
556 2113 598 2180 de
624 2113 881 2197 philosophis
907 2113 946 2179 ad
971 2120 1164 2196 postremum
1195 2113 1362 2182 dicendum
1388 2119 1448 2184 est.

380 2225 607 2305 Platonem,
648 2224 965 2306 Xenophontem,
1006 2225 1271 2291 Aristotelem
1312 2229 1449 2309 uterque

380 2334 502 2402 nudat.
545 2333 676 2410 lleoedit
708 2334 793 2417 apud
829 2333 1054 2414 Quintilianum
1090 2333 1394 2418 Theophrastus
1429 2355 1450 2402 a

381 2443 530 2512 cicerone
555 2443 740 2527 saepissime
761 2444 969 2511 collaudatus.

421 2611 425 2619 .
463 2552 583 2634 Quibus
629 2552 770 2621 breviter
811 2553 1015 2637 perlustratis
1061 2572 1152 2622 nemo
1199 2572 1276 2621 saue
1317 2555 1449 2638 negabit

380 2671 448 2732 tom
488 2664 603 2732 mirum
645 2681 717 2731 esse
759 2682 944 2732 consensum
990 2665 1075 2730 inter
1114 2663 1263 2732 Fabium·
1289 2671 1324 2731 et
1358 2663 1450 2731 Hali·

381 2791 639 2854 mrmmensum,
675 2779 713 2840 ut
746 2773 824 2840 nihil
857 2774 919 2840 iam
953 2771 1073 2856 obstet,
1109 2775 1185 2858 quin
1221 2772 1451 2852 Quintilianum

382 2884 524 2966 Dionysii
544 2882 679 2966 vestigia
700 2883 853 2966 pressisse
864 2883 1013 2950 dieamus.
1056 2881 1330 2968 Quotienscunque
1353 2884 1450 2963 Quin·

384 2994 514 3062 tihauua
539 2993 579 3060 ad
606 3011 721 3060 norum
748 3000 917 3060 auctorem.
938 2993 989 3060 vel
1008 3011 1128 3059 -novurn
1154 2999 1318 3061 anctorum
1348 3013 1450 3077 genus

383 3102 551 3182 transibat,
564 3103 750 3186 Dionysium
767 3103 890 3185 adibat3
914 3121 974 3187 quo
994 3103 1136 3186 inspecto
1158 3121 1200 3170 ex
1220 3104 1290 3170 aliis
1311 3104 1450 3173 fontibm

380 3215 433 3282 hie
452 3214 517 3281 illie
538 3220 630 3282 notas
650 3213 804 3296 numiam
825 3217 989 3280 mutuatus
1010 3219 1070 3280 est
1187 3228 1189 3234 ’

455 3424 628 3497 1)'Dionys.,
649 3423 686 3478 de
703 3422 862 3480 oratoribus
880 3421 1014 3492 antiquis,
1033 3437 1095 3493 eap.
1113 3421 1141 3478 4.
1175 3479 1178 3484 ,
