3268 4988
667 381 873 445 app...

240 573 405 656 cupientes
427 583 521 653 quam
542 571 677 636 inarime
697 571 783 638 inter
802 589 838 637 se
859 571 1097 654 dissentiebant,
1118 579 1153 639 et
1173 591 1244 640 cum
1256 573 1305 653 iis,

237 682 294 767 oni
313 682 353 750 ab
375 681 492 748 Adoro
513 699 631 764 genere
652 680 776 748 dicendi
797 681 935 749 stabant
978 682 1066 760 Quen
1089 700 1159 749 cum
1173 683 1304 765 iteum„

239 791 1305 875 ausimcontendereDionysinmessseumquiiudiciigrccilsto

239 922 309 970 rem
330 921 367 970 eo
388 901 546 985 perduxit,
567 909 604 968 nt
624 902 753 968 canonis
775 902 980 985 componendi
990 903 1190 985 oopiaiieret
1229 905 1305 970 Eius

240 997 1305 1103 umdginseontusestncaeoiliusOalactinus‘nequoquisqnm

241 1130 308 1191 tum
329 1123 450 1190 Romae
471 1129 551 1204 orat,
574 1123 624 1189 oui
645 1127 775 1204 praeter
796 1141 868 1188 eum
889 1127 1013 1190 tantum
1034 1123 1304 1206 moestitimetri·

239 1234 338 1302 buero
357 1251 531 1316 possemus.
581 1233 749 1316 Dionysius
777 1231 951 1314 Platonem,
977 1232 1200 1316 Thucydidem,
1227 1233 1304 1302 alios

238 1345 364 1426 respuit
384 1343 551 1428 atquibus
572 1343 612 1410 de
634 1344 737 1410 musis
758 1343 816 1410 boo
838 1341 984 1408 indicium
1005 1343 1114 1424 terret,
1131 1344 1303 1426 proposuit

238 1453 445 1535 Dinarchum,
466 1454 520 1539 qui
541 1473 602 1520 non
623 1454 709 1518 inter
727 1471 845 1534 omnm,
867 1453 1046 1535 quantiper
1063 1461 1142 1534 erat,
1157 1453 1305 1521 metim·

240 1564 346 1643 batur,
365 1564 496 1646 recepit.
540 1563 720 1630 certamine
740 1564 803 1628 ism
823 1581 882 1646 per
892 1563 1010 1630 mullos
1019 1581 1117 1630 annos
1129 1563 1304 1630 mutante

240 1676 368 1755 Romae,
388 1693 451 1757 quo
471 1673 624 1758 paulatim
645 1691 754 1740 omnes
774 1674 921 1740 rhetores
947 1671 1146 1740 celeberrimi
1171 1674 1305 1742 nomirds

239 1803 276 1852 se
303 1784 517 1864 wmorebont,
549 1784 808 1850 verisimillimum
829 1789 889 1851 est.
932 1783 1305 1866 Dionysiussuppoditut

237 1896 359 1978 oopism
379 1893 585 1978 intellegendi
607 1911 734 1960 oausam
756 1893 881 1974 generis
902 1893 1010 1960 Asiani
1032 1893 1192 1960 exturbati
1218 1901 1252 1960 et
1271 1894 1304 1960 in

238 2012 358 2087 paucas
378 2004 476 2071 urbes
496 2004 628 2092 Asianus
648 2003 782 2085 repulsi:
803 2003 883 2068 bueo
905 2021 1000 2069 causa
1019 2011 1090 2070 erat
1115 1999 1135 2088 ἢ
1165 2002 1305 2071 πάντων

175 2157 177 2162 ,
239 2115 410 2202 κραιιῦσα
439 2109 543 2198 Ῥώμη
580 2112 665 2200 πρὸς
697 2109 821 2200 ἑαυτήν
855 2109 1096 2196 ἀναγκάζουσα
1133 2112 1194 2192 τὰς
1228 2111 1305 2193 ὅλας

240 2225 356 2302 πόλεις
377 2219 592 2310 ἐπιβλέπειν
613 2224 667 2305 (de
689 2223 867 2290 oratoribus
889 2224 1027 2306 antiquis
1048 2225 1092 2306 2)

322 2334 442 2413 Quibus
461 2333 606 2401 omnibus
624 2333 828 2416 perlustratis
846 2333 879 2400 id
901 2333 977 2398 mihi
999 2351 1059 2400 non
1083 2335 1146 2402 iam
1174 2334 1302 2402 dubium

239 2465 311 2514 esse
331 2445 467 2526 videtur,
486 2444 561 2527 quin
582 2461 682 2510 onnon
703 2442 813 2509 decem
834 2450 994 2509 oratorum
1016 2445 1125 2526 paucis
1139 2463 1168 2510 o.
1183 2445 1257 2513 Chr.
1272 2465 1302 2514 n.

239 2555 330 2622 annis
351 2556 469 2621 Rerum
491 2559 579 2620 ortus
601 2553 643 2619 sit
663 2571 766 2636 nequo
786 2554 935 2619 audacius
950 2553 1303 2636 mihivideoriudicare‚

239 2667 266 2732 si
288 2665 464 2731 Gsecilio
485 2665 636 2744 originem
658 2663 866 2744 ssonpsorim.
911 2663 982 2728 Une
1009 2663 1112 2730 adhuc
1143 2663 1304 2731 suboritur

240 2774 392 2858 quaestio,
413 2791 489 2840 num
509 2791 619 2840 omnes
636 2773 660 2838 ii
678 2778 833 2851 oratores
854 2791 933 2855 quon
952 2773 984 2838 in
999 2791 1165 2840 numerum
1176 2773 1303 2841 decadis

239 2889 386 2966 receptos
409 2884 626 2962 asseruimus,
648 2887 715 2948 tum
737 2883 823 2968 digni
845 2882 903 2948 risi
925 2901 994 2950 esse
1017 2882 1150 2966 putendi
1160 2883 1234 2960 sint,
1250 2885 1304 2967 qui

239 2996 365 3063 eiicere
387 2993 586 3076 eloquentiae
607 2992 800 3074 exemplaria
832 2998 935 3058 artem
962 2993 1086 3059 dicendi
1111 2992 1305 3060 monentibus

239 3109 501 3188 proponerentur.
544 3102 655 3185 Neque
674 3101 816 3182 deerant,
838 3102 891 3184 qui
902 3102 994 3168 modo
1004 3101 1095 3180 bunc,
1112 3103 1203 3170 modo
1213 3104 1303 3170 illum

239 3216 273 3280 in
293 3232 445 3282 canonem
467 3233 490 3280 a
514 3212 652 3280 Caecilio
682 3212 888 3294 compositum
918 3212 1017 3294 recipi
1047 3213 1187 3294 potuisse
1219 3214 1304 3281 nullo

240 3323 333 3392 modo
353 3323 571 3390 concederent.
614 3325 660 3388 Ac
680 3321 822 3388 Brzosks
841 3321 969 3404 quidem
992 3321 1026 3405 (l.
1049 3321 1069 3388 l.
1093 3341 1123 3403 p.
1134 3323 1190 3406 26)
1212 3341 1303 3405 prae·

240 3434 344 3500 lraote
364 3440 462 3516 negat
481 3433 672 3500 Andocidem
694 3439 728 3499 et
748 3432 973 3516 Antiphontem
989 3432 1047 3499 tali
1060 3433 1177 3500 honore
1193 3433 1304 3517 dignos

239 3545 322 3611 visos
343 3561 414 3612 osse
434 3543 675 3626 Caruiliumque,
696 3544 722 3610 si
745 3544 1142 3625 cononomoomposuissot,
1157 3544 1303 3627 repudia·

239 3662 346 3723 turum
367 3653 474 3721 luisse.
517 3653 598 3733 Quid
619 3652 703 3736 quod
724 3651 877 3719 traditum
892 3659 942 3720 ost
958 3653 1303 3736 Antiphontemallae·

239 3765 312 3832 oilio
331 3781 454 3830 summa
476 3762 568 3829 laude
590 3781 661 3829 esso
681 3762 897 3830 cumulatum?
928 3764 1019 3844 spuo
1046 3762 1193 3830 Plotium
1220 3765 1303 3830 onim

239 3876 391 3958 scriptum
413 3873 546 3955 legimus
568 3871 655 3954 (bibl.
677 3873 768 3939 485b
792 3876 832 3938 15
852 3891 898 3955 sq.
909 3872 987 3956 spi:
1011 3867 1061 3956 „⁶0
1080 3870 1198 3957 μέντοι
1212 3879 1304 3941 Etnr-

238 3983 354 4070 tudens
377 3985 547 4059 Καικίλιος
568 3985 613 4068 μή
633 4003 715 4068 φησι
742 3987 931 4068 κεχρῆσθαι
958 3981 1019 4048 τὸν
1048 3978 1171 4070 ῥήτορα
1199 3984 1304 4068 (nnti-

239 4095 402 4178 phoniem)
437 4101 507 4170 τοῖς
540 4091 625 4158 κατὰ
655 4091 815 4160 διάνοιαν
846 4092 1004 4178 σχήμασι,
1037 4088 1122 4160 ἀλλὰ
1155 4099 1303 4162 κατευθὺ

241 4198 408 4295 αὐτῷκαὶ
428 4197 610 4279 ἀπλάστως
630 4202 691 4281 τὰς
712 4201 844 4289 νοήσεις
864 4199 1087 4290 ἐκφέρεσθαι,
1108 4204 1238 4291 τροπὴν
1265 4205 1304 4270 δὲ

240 4324 298 4382 τοῦ
327 4315 517 4404 πανούργου
544 4319 600 4382 καὶ
625 4311 803 4394 ἕνάλλαξιν
830 4310 907 4384 od'cs
938 4319 1076 4406 ζητῆσαι
1107 4314 1170 4404 τὸν,
1192 4313 1301 4403 ἄνδρα
