3268 4988
779 369 982 430 ..24-

347 573 427 638 quae
450 553 661 632 Quintilianus
688 555 810 621 novisse
835 573 869 621 se
898 555 1025 622 indicet.
1067 555 1250 638 Composuit
1278 575 1317 624 ea
1337 557 1407 624 Joh.

347 665 537 731 Olaussenus
557 663 705 730 admixtis
726 683 786 731 non
807 671 894 732 recte
917 665 962 732 cis
984 685 1116 749 quoque,
1138 684 1219 749 quae
1232 666 1408 735 communia

346 793 408 841 non
439 776 539 842 solum
561 774 707 856 Dionysio
736 775 989 859 Quintilianoqne
1017 781 1101 858 sunt,
1129 776 1185 842 sed
1211 777 1285 843 olim
1313 777 1408 844 etiam

344 883 430 967 plebi
452 886 613 951 doctorum
636 884 794 950 hominum
816 885 973 953 lucmmf‘
1017 885 1269 952 audacissimum
1284 886 1409 954 videtur

345 994 458 1076 omnia,
479 1012 683 1078 quaecunque
704 997 879 1061 communia
900 995 1274 1076 sunt,cuiusnishominis
1293 996 1409 1063 eruditi

345 1104 507 1172 doctrinae
528 1104 677 1186 tribuere,
704 1105 736 1170 id
763 1105 845 1189 quod
873 1106 997 1173 Usener
1023 1106 1113 1188 (1.1.)
1141 1114 1175 1174 et
1202 1106 1408 1174 Wilarnowitz

344 1214 493 1292 (Hermes
513 1214 568 1295 XI,
592 1217 666 1296 300)
689 1215 847 1298 lecerunt;
869 1235 971 1298 neque
993 1215 1075 1282 enirn
1097 1216 1267 1300 quidquam
1282 1215 1408 1282 maioris

344 1325 495 1390 momenti
517 1330 584 1391 tum
605 1343 772 1406 superesse
793 1311 937 1407 apparet,
960 1325 1043 1409 quod
1055 1326 1222 1407 Dionysius
1242 1331 1299 1392 aut
1313 1326 1408 1406 Quin·

345 1434 474 1501 tilianus
494 1435 555 1516 ipsi
575 1435 821 1516 procreaverint.
864 1437 907 1502 Et
927 1436 955 1502 si
975 1435 1082 1502 omnia
1104 1441 1181 1502 nota
1206 1437 1408 1518 pervulgata·

344 1537 542 1638 quaerant,
575 1543 649 1627 quid
681 1564 759 1626 opus
793 1551 862 1611 erat
897 1544 1012 1611 librum
1043 1544 1266 1613 conscribere?
1303 1549 1407 1629 Atque

344 1654 423 1721 adeo
444 1655 494 1722 foc
515 1656 619 1721 omnia
640 1655 718 1720 trita
740 1655 845 1736 fuisse,
870 1656 1037 1722 etiamtum
1052 1655 1263 1734 Quintilianus
1284 1673 1408 1738 compo·

344 1765 488 1832 altionem
522 1766 736 1846 exemplorum
764 1764 1010 1848 iudiciorumque
1036 1784 1078 1833 ex
1105 1764 1252 1848 Dionysio
1278 1765 1407 1832 haurire

343 1882 480 1956 poterat.
524 1875 587 1942 Sed
609 1876 744 1942 Useneri
765 1877 956 1944 sententiam
976 1878 1022 1942 ita
1032 1875 1225 1958 probandam
1238 1894 1308 1944 esse
1318 1882 1406 1958 puto,

345 1991 382 2051 ut
403 1986 528 2066 singula
558 1986 712 2068 quaedam
741 1987 918 2053 communio·
943 1986 1028 2070 plebi
1057 1985 1218 2052 doctorum
1247 1985 1408 2053 homiuum

347 2094 445 2161 fuisse
467 2095 559 2160 facile
588 2094 716 2177 largiar,
743 2095 799 2161 scd
830 2096 934 2162 omnia
965 2097 1023 2162 hoc
1054 2096 1144 2164 modo
1166 2115 1184 2162 e
1205 2095 1308 2162 medio
1339 2095 1408 2162 tolli

344 2223 435 2286 posse
458 2204 582 2270 minime
605 2205 783 2272 concedam.

426 2315 499 2381 Jarn
520 2314 547 2380 si
569 2314 609 2381 ad
631 2314 754 2397 singula
783 2322 993 2396 transeamus,
1025 2315 1099 2400 quid
1128 2333 1242 2382 causae
1266 2322 1326 2396 est,
1346 2332 1409 2399 qna

344 2423 457 2490 ductus
480 2423 601 2490 Usener
623 2425 750 2506 negavit
771 2425 840 2490 fieri
866 2432 1025 2507 possent
1054 2425 1264 2505 Quintilianus
1291 2426 1408 2508 Diony·

343 2533 424 2600 sium
456 2539 584 2601 secutus
620 2535 727 2601 esset?
767 2535 836 2613 Qua
870 2534 910 2600 dc
947 2553 982 2600 re
1017 2535 1094 2601 haec
1129 2535 1198 2602 fere
1232 2535 1409 2603 invenimus

344 2644 503 2727 (p.114):

427 2755 459 2836 1)
480 2754 518 2819 Iu
541 2753 595 2834 eis,
617 2772 697 2836 quoe
719 2753 929 2832 Quintilianus
948 2753 1043 2820 aliter
1065 2773 1103 2819 ac
1124 2753 1292 2835 Dionysius
1318 2754 1407 2820 insti·

344 2862 406 2928 tuit
431 2897 466 2911 -
488 2863 587 2945 ipsius
610 2864 692 2930 enim
713 2863 818 2930 verbis
839 2868 976 2930 utor-
996 2864 1073 2930 nihil
1094 2870 1154 2944 est,
1175 2863 1249 2945 quin
1272 2883 1311 2929 ex
1327 2863 1408 2929 unti-

344 2990 406 3054 qua
427 2973 577 3038 memoria
598 2973 770 3055 repetitum
791 2973 848 3052 sit;

425 3084 459 3163 2)
481 3089 576 3166 atque
597 3085 698 3150 omnis
717 3084 773 3149 illa
794 3083 1005 3166 discrepantia
1024 3102 1086 3151 non
1108 3085 1140 3149 in
1175 3084 1313 3150 minutiis
1341 3103 1408 3151 cer·

344 3191 440 3271 nitur,
463 3192 576 3276 quibus
597 3198 662 3259 tarn
684 3193 776 3260 facile
797 3193 914 3276 aliquid
935 3193 1034 3260 addus
1054 3212 1148 3276 quam
1171 3192 1288 3276 demas,
1303 3194 1361 3261 sed
1374 3196 1406 3260 in

343 3302 412 3384 ipsa
431 3320 479 3383 re,
501 3303 534 3367 in
558 3301 693 3384 delectu,
715 3305 748 3369 in
768 3303 980 3386 dispositione.
1440 3299 1443 3308 ⁴

426 3412 532 3478 Facile
554 3413 751 3480 concedimus
773 3413 1000 3492 Quintilianum
1025 3412 1169 3494 uelocis,
1202 3412 1315 3496 quibus
1336 3432 1408 3480 cum

343 3521 492 3605 Dionysio
514 3541 575 3590 non
596 3523 749 3605 congruit,
771 3522 848 3588 nihil
877 3522 1001 3601 afferre,
1033 3521 1115 3606 quod
1144 3541 1204 3589 non
1233 3523 1408 3606 antiquitus

343 3631 496 3698 traditum
519 3632 634 3714 luerit;
656 3651 718 3715 qua
739 3651 775 3698 re
797 3633 874 3698 nihil
903 3633 1155 3699 demonstratum
1184 3618 1255 3699 esse
1282 3633 1408 3700 videtur

343 3742 404 3809 nisi
425 3742 474 3808 his
494 3743 569 3825 ipsis
591 3743 676 3823 locis,
699 3743 812 3826 quibus
833 3743 1023 3811 dissentiunt
1045 3742 1092 3808 illi
1113 3748 1269 3824 auctores,
1286 3743 1407 3822 Quinti-

342 3851 461 3918 lianum
483 3852 632 3936 Dionysio
653 3870 745 3919 usum
766 3869 827 3918 non
850 3870 930 3933 esse,
954 3853 1013 3934 vel,
1034 3852 1066 3918 id
1088 3852 1170 3935 quod
1199 3853 1283 3918 idem
1311 3853 1408 3933 valet,

343 3961 421 4028 alios
442 3960 555 4044 tontes,
576 3964 811 4045 qualescunque
831 3965 916 4043 suut,
945 3961 1077 4031 adiisset
1104 3963 1137 4027 in
1158 3963 1274 4029 cotona
1300 3968 1406 4029 autem

344 4061 569 4150 Quintilianum
601 4072 739 4153 Dionysii
773 4073 888 4139 librum
920 4091 981 4139 non
1014 4072 1192 4139 adhibuisse
1223 4072 1282 4139 hoc
1313 4091 1407 4155 argu·

342 4188 451 4248 mento
472 4201 533 4248 non
556 4181 785 4264 comprobatur.
828 4182 978 4265 Sequitur
992 4182 1076 4248 -id
1096 4182 1178 4266 quod
1190 4182 1406 4250 nemoinfitios

342 4290 401 4357 ibit
421 4327 464 4338 -
482 4292 718 4372 Quintilianum,
740 4291 766 4358 si
788 4291 867 4358 alias
886 4291 1069 4377 Dionysium
1096 4293 1137 4368 in
1158 4309 1247 4358 usum
1274 4293 1406 4376 vocavit,
