3268 4988
645 296 851 360 ..27-

218 483 272 564 qui
300 481 475 550 derorum
502 483 709 566 scriptoribus
738 491 859 564 namot,
892 485 1133 568 Xenophontem
1159 485 1282 553 nomine

216 591 326 660 addito
347 593 465 674 eximit,
487 593 562 676 quid
582 599 689 676 potest
711 611 781 662 esse
808 594 876 662 veri
902 594 1034 666 similius
1064 613 1157 678 quam
1184 596 1217 662 in
1245 595 1283 664 eo

217 701 313 783 tonte,
351 721 444 786 quem
475 703 534 770 hoc
565 704 633 772 loco
662 705 832 788 praecipue
868 704 1021 787 sequitur,
1056 705 1140 772 inter
1175 723 1282 772 rerum

217 812 389 895 scriptores
409 813 449 879 de
469 813 678 897 Xenophonte
701 821 808 882 actum
829 813 950 881 fuisset
970 815 1014 881 Et
1035 833 1107 882 cum
1124 815 1198 882 talis
1212 814 1282 882 fons
1348 904 1350 908 Ι

218 921 385 1006 Dionysius
406 922 513 1003 fuerit,
535 942 596 990 non
617 922 778 1006 intellego,
800 942 857 990 cur
883 923 943 990 hec
968 924 1009 992 de
1037 943 1133 992 causa
1160 925 1283 1005 Quinti-

219 1031 320 1099 lianns
341 1051 361 1098 a
382 1032 530 1117 Dionysio
551 1052 611 1100 non
631 1033 771 1116 pendere
791 1033 923 1102 dicatur.
966 1034 1028 1102 Sed
1049 1053 1120 1104 cum
1141 1053 1199 1104 suo
1212 1035 1282 1102 iure

218 1142 393 1224 Xenophon
414 1148 449 1210 et
469 1143 553 1210 inter
573 1142 771 1226 philosophos
800 1149 834 1210 et
861 1144 946 1210 inter
974 1162 1081 1211 rerum
1108 1145 1282 1228 scriptores

219 1252 319 1334 possit
352 1253 515 1334 nominari,
549 1253 759 1332 Quintilianus
790 1259 901 1321 contro
934 1253 1029 1320 tontis
1061 1255 1282 1323 auctoritatem

219 1381 297 1430 suae
318 1364 497 1430 sententiae
517 1362 658 1430 indulsit

301 1473 406 1540 Unum
427 1479 530 1540 restat
558 1479 789 1556 argumentum,
821 1473 904 1556 quod
936 1480 970 1541 et
1000 1473 1103 1556 ipsum
1135 1473 1283 1542 refellere

218 1601 399 1664 possumus:
428 1584 580 1650 accedere
608 1583 691 1666 apud
718 1582 945 1662 Quintilianum
971 1583 1133 1666 Ephorum
1160 1590 1194 1651 et
1222 1583 1283 1650 Oli·

219 1691 374 1772 tarchum,
403 1692 514 1776 quiin
544 1693 682 1776 Dionysii
709 1692 839 1761 delectu
864 1692 978 1761 deshrt.
1027 1693 1096 1772 Qua
1121 1693 1161 1760 de
1189 1711 1284 1760 causa

220 1802 387 1885 Dionysius
420 1804 452 1868 in
483 1802 626 1870 omnibus
656 1803 821 1870 literarum
852 1803 1022 1886 generibus
1053 1803 1284 1885 perlustrandis

224 1911 345 1980 nullum
380 1914 497 1982 aetatis
532 1912 769 1980 Alexandrinae
796 1914 983 1996 scriptorem
1010 1914 1178 1997 receperit,
1202 1931 1285 1982 nunc

221 2023 354 2105 mittam,
376 2023 433 2090 aad
453 2023 493 2091 de
513 2023 582 2106 ipsa
603 2043 638 2090 re
657 2023 796 2091 dubitari
816 2008 935 2107 nequit
984 2024 1069 2107 Ergo
1089 2023 1283 2092 Clitarchum

221 2133 387 2218 Dionysius
408 2134 552 2218 recipere
572 2152 634 2201 non
655 2140 798 2216 poterat;
820 2133 964 2217 sequitur
990 2149 1063 2202 eum
1091 2153 1132 2201 ex
1159 2153 1196 2201 eo
1222 2134 1284 2201 alio

221 2244 356 2328 quodam
377 2243 463 2311 lonte
488 2244 630 2312 hausisse
660 2245 902 2325 Quintilianum
933 2250 967 2312 et
992 2244 1136 2328 quisnam
1161 2245 1189 2312 is
1214 2245 1284 2312 lons

220 2353 326 2436 fuerit,
359 2353 483 2421 Usener
512 2355 580 2437 ipse
601 2354 831 2423 demonstravit
858 2355 890 2438 (l.
913 2355 955 2437 ll,
988 2355 1108 2434 (licere,
1130 2373 1225 2439 quem
1252 2355 1286 2420 in

195 2533 197 2540 Α
220 2464 362 2531 omnibus
382 2464 471 2531 libris
491 2465 602 2533 rhetor
622 2465 755 2533 Latinus
775 2465 1109 2547 saepissimesecutus
1138 2470 1189 2532 est
1214 2464 1283 2550 (cfr.

221 2592 293 2658 epp.
313 2574 363 2640 ad.
386 2574 460 2642 iem.
482 2577 513 2658 2,
538 2578 586 2657 10,
608 2579 627 2641 3
649 2583 684 2643 et
704 2575 754 2642 ‘de
773 2575 906 2657 legibus’
938 2580 967 2656 1,
987 2577 1018 2656 2,
1038 2579 1080 2656 l).
1123 2575 1284 2658 Ephorum

220 2691 351 2766 propter
383 2675 621 2752 contubernium
654 2686 848 2754 Isocrateum
881 2684 1023 2752 additum
1056 2703 1127 2753 esse
1160 2685 1285 2752 Usener

222 2793 366 2862 concedit
387 2800 421 2863 et
430 2794 512 2862 hanc
521 2795 687 2864 scientiam
698 2815 739 2863 ex
751 2795 901 2863 Gicerone
916 2794 968 2876 (de
978 2799 1104 2863 oratore
1117 2795 1156 2876 ll,
1170 2801 1219 2876 13,
1230 2797 1284 2878 57)

221 2904 398 2972 manarisse
432 2905 581 2973 ostendit.
637 2904 671 2970 Si
703 2905 823 2972 addidit
858 2911 1046 2989 praeceptor
1076 2905 1285 2988 eloquentiae,

221 3033 302 3098 quae
336 3034 374 3080 ex
400 3015 550 3083 Cicerone
576 3014 815 3097 diligentissime
841 3015 982 3098 perlecto
1009 3015 1206 3096 meminerat,
1235 3015 1285 3082 cui

220 3125 405 3206 'persuaderi
426 3127 545 3208 poterit
566 3124 700 3194 eundem
720 3145 783 3192 non
794 3125 934 3207 potuisse
949 3124 1133 3210 Dionysium
1148 3125 1181 3192 in
1193 3143 1285 3192 usum

221 3235 360 3304 vocare?

185 3336 187 3340 ’
305 3348 392 3427 Quae
414 3366 484 3414 cum
506 3349 552 3414 ita
573 3347 647 3429 siut,
674 3347 750 3414 mihi
776 3346 903 3430 quidem
932 3365 994 3415 uon
1022 3351 1129 3430 potest
1158 3346 1285 3430 probari
1314 3373 1315 3378 ¹

222 3455 466 3539 discrepantiam
488 3457 530 3523 ‘in
547 3457 617 3540 ipsa
637 3476 682 3538 re,
704 3459 736 3524 in
757 3456 894 3536 delectu,
908 3457 941 3523 in
955 3456 1167 3540 dispositioue‘
1185 3457 1285 3536 cerni;

223 3566 379 3634 erravisse
412 3567 539 3648 videtur
568 3569 615 3634 vir
648 3568 803 3650 egregius.
852 3568 895 3634 Et
927 3587 998 3636 cum
1029 3568 1147 3634 maiora
1178 3586 1286 3636 secum

222 3681 398 3761 reputaret,
419 3695 500 3760 quae
521 3696 595 3744 mor
615 3677 826 3760 depromeret,
848 3695 911 3744 non
931 3684 998 3744 tam
1018 3676 1286 3762 firmaquampur

223 3791 295 3854 erat
314 3786 521 3855 fundamenta
539 3789 623 3855 iecit.
672 3788 734 3856 Sed
762 3807 842 3870 cum,
868 3793 905 3856 ut
930 3780 998 3871 ipse
1028 3787 1112 3870 dicit,
1126 3788 1287 3856 solidiora

223 3897 429 3964 fundamenta
450 3903 630 3982 quaereret,
652 3898 788 3981 primum
809 3916 951 3966 errorem
971 3917 1034 3966 non
1055 3898 1193 3967 sustulit

304 4007 427 4074 Deinde
449 4011 490 4091 (p.
513 4011 690 4092 tlt—125)
719 4009 842 4076 Usener
868 4027 989 4076 summa
1012 4009 1130 4091 ingenii
1158 4009 1225 4076 acie
1252 4016 1286 4077 et

224 4118 460 4186 accuratissime
495 4119 633 4201 priorem
668 4127 792 4202 partem
834 4119 1085 4202 fragmentorum
1123 4119 1285 4187 Hortensii

223 4228 358 4295 Tulliani
393 4228 497 4296 denuo
531 4230 705 4311 congessit,
748 4229 917 4312 disposuit,
958 4229 1188 4312 interpretatus
1225 4236 1284 4298 est
