3268 4988
651 379 858 443 ..39-

220 565 1285 650 rectudicimsgnihabuisseEuphorionern3Gallusenimcon·

220 675 357 742 ditorem
378 694 473 744 versu
494 675 671 744 Chalcidico
692 677 866 746 carminum
897 677 981 760 opud
1010 679 1184 762 Vergilium
1213 679 1285 762 (001.

221 785 274 862 lV,
301 785 357 871 bo)
383 785 562 868 praedicare
597 794 713 854 otest
743 787 854 854 Gallus
893 787 1034 856 imitator
1067 789 1285 872 Euphorionis.

220 894 371 962 Ceterum
391 895 553 977 mhsmur,
581 895 665 979 quod
689 894 805 964 Fabius
832 895 890 964 hoc
918 897 986 964 loco
1013 898 1195 966 Ciceronem
1223 917 1285 966 non

221 1004 301 1072 adeo
320 1005 473 1072 memoris
493 1005 598 1073 tenuit
616 1011 768 1089 quantum
790 1008 888 1074 solet:
919 1025 1013 1090 quern
1039 1009 1122 1076 scire
1148 1006 1286 1076 debebat

220 1133 291 1182 cum
311 1115 527 1200 indignatione
547 1134 577 1182 0.
599 1135 629 1183 u
654 1120 716 1184 ‘109
735 1124 882 1185 00010000
903 1117 1111 1200 Euphorionis
1131 1119 1285 1201 perstrin-

219 1226 317 1292 xisse.
356 1228 404 1291 An
415 1225 558 1294 ciceroni
568 1245 605 1293 se
614 1227 743 1310 opponit
753 1226 1127 1306 Quintiliannsnonsatis
1141 1227 1286 1296 dissertis

220 1335 335 1416 verbis,
358 1353 429 1402 cum
450 1335 552 1402 dicut:
574 1335 827 1421 „Euphorionem
848 1336 1078 1406 transibimus?
1103 1339 1204 1419 Quem
1225 1338 1285 1404 nisi

219 1444 386 1528 probasset
406 1446 565 1530 Vergilius
586 1495 594 1511 .
618 1499 625 1515 .
646 1448 698 1514 tlt
721 1447 808 1515 Alios
829 1467 902 1515 eum
923 1448 1092 1531 repudiare
1122 1449 1286 1528 Quintilis·

221 1573 296 1622 num
334 1575 397 1624 non
434 1557 597 1638 ignorasse
628 1557 678 1625 bis
709 1557 815 1624 verbis
844 1558 981 1641 perspici
1012 1577 1104 1641 posse
1138 1558 1285 1626 arbitror.

221 1665 294 1746 Eos,
322 1684 399 1749 quus
420 1667 479 1734 hoc
499 1673 659 1749 postremo
684 1668 752 1734 loco
780 1669 900 1749 attulit,
927 1674 1038 1750 postus
1066 1667 1106 1736 ad
1127 1669 1286 1736 oratoriae

220 1774 382 1844 facultatis
409 1795 551 1845 normam
581 1778 698 1844 electos
726 1795 797 1844 esse
824 1796 916 1846 nemo
944 1777 1135 1846 contendere
1163 1781 1286 1861 potest:
1322 1807 1324 1812 ·

221 1903 298 1967 ergo
318 1885 545 1965 Quintilianum
563 1887 657 1970 plane
685 1886 827 1968 oblitum,
859 1886 935 1971 quid
961 1888 1045 1955 omni
1075 1888 1135 1956 hoc
1160 1888 1287 1955 delectu

221 1999 400 2077 appeteret,
420 1995 509 2064 veria
530 1997 656 2064 nomina
676 1997 771 2064 vanis
792 1996 832 2064 de
853 1997 957 2066 causis
977 1998 1073 2066 runis
1095 2017 1132 2066 ex
1147 1997 1287 2072 fontibus

221 2105 415 2187 congessisse
447 2112 590 2189 apparet.
632 2108 720 2187 Quae
756 2125 827 2174 curn
861 2108 909 2174 ita
942 2107 1016 2189 sint,
1046 2114 1136 2175 recte
1168 2107 1288 2175 monuit

223 2215 389 2283 Morawslri
410 2216 445 2298 (1.
468 2217 503 2299 l.)
523 2216 760 2299 Quintilianum,
783 2218 914 2284 simulac
936 2218 1076 2302 Dionysii
1096 2218 1288 2285 auctoritate

146 2410 149 2414 .
227 2325 401 2392 destitutus
422 2333 517 2408 esset,
539 2326 634 2409 plane
654 2325 802 2408 oblivisci,
823 2345 958 2410 quonam
979 2328 1107 2396 musilio
1129 2333 1288 2395 101000000-

222 2434 356 2502 meratio
377 2434 526 2503 instituta
545 2441 639 2503 esset

305 2545 341 2612 ln
363 2544 500 2612 lontibus
520 2553 651 2629 praeter
660 2545 844 2630 Dionysium
865 2545 1014 2614 adhibitis
1035 2551 1123 2614 recte
1135 2546 1288 2614 Cluussen

223 2654 258 2737 (l.
279 2654 301 2719 l.
325 2673 356 2738 p.
382 2655 716 2739 scommaticum
738 2656 895 2741 quandam
916 2655 1014 2724 luisse
1041 2656 1176 2739 putavit
1219 2657 1289 2735 Qua

222 2767 294 2831 urta
314 2766 521 2846 grammatica
542 2771 725 2833 contentum
746 2765 845 2833 luisse
858 2766 1002 2850 suspicor
1012 2785 1074 2834 non
1085 2765 1196 2848 solum,
1207 2785 1288 2850 quse

178 2925 180 2928 .
222 2872 263 2939 de
283 2875 385 2956 poetis
405 2875 521 2942 semeis
542 2875 788 2957 Alexandrinae,
810 2876 867 2943 red
888 2877 997 2956 etiam,
1021 2894 1102 2959 quae
1117 2876 1158 2942 de
1170 2893 1288 2942 canone

223 2984 437 3052 Alexandrino
463 2984 504 3053 ab
532 2985 743 3070 Aristophane
772 2986 925 3070 Byzantio
954 2992 988 3054 et
1016 2986 1192 3054 Aristarchi
1217 3003 1289 3054 con·

222 3095 335 3163 stituto
355 3095 473 3163 Fabius
493 3095 608 3178 prodit
657 3097 736 3162 Tum
764 3095 848 3163 enim
878 3095 1126 3164 luculentissime
1152 3096 1289 3178 perspici

222 3211 339 3288 potest,
361 3223 425 3289 qua
445 3205 486 3273 ds
507 3225 603 3274 causa
623 3204 663 3272 de
683 3205 881 3288 praestantia
901 3207 1041 3274 oratoris
1061 3205 1187 3274 illorum
1214 3223 1288 3288 poe·

223 3319 329 3382 tarum
349 3332 411 3382 non
432 3314 580 3383 distincte
599 3315 758 3383 iudicatur
787 3333 891 3398 neque
917 3322 1047 3399 praeter
1075 3315 1287 3396 Theocritum,

224 3442 317 3507 quem
359 3431 458 3492 anteo
502 3425 650 3507 diximum,
699 3427 818 3494 Aratus
858 3431 966 3510 (quem
1007 3425 1119 3493 laudnt
1160 3425 1289 3493 Ovidius

224 3537 417 3615 00101150
445 3563 448 3572 ¹

307 3645 418 3730 ,Cum
437 3645 534 3713 Sole
551 3651 592 3712 et
614 3647 725 3714 Luna
745 3663 904 3729 semper
924 3651 1078 3713 Aratus
1099 3645 1210 3714 eric.

308 3772 404 3838 quem
424 3755 557 3824 eundem
579 3756 801 3823 Germanicum
822 3755 981 3824 inritatum
1002 3773 1072 3823 esse
1099 3756 1228 3838 scimus)
1254 3756 1288 3822 in

223 3865 282 3931 tuli
315 3865 435 3932 honore
467 3865 617 3948 habetur,
652 3866 754 3950 qualis
789 3885 808 3931 a
842 3865 998 3948 scriptore
1031 3866 1172 3932 Romarm
1205 3864 1289 3930 illius

223 3975 341 4042 aetatis
360 3975 590 4058 exspectandus
607 3982 687 4043 erat.
730 3974 849 4055 Quibus
866 3974 1135 4058 despicis-poetis
1156 3993 1289 4042 comme

224 4085 449 4152 morationibus
473 4087 612 4168 peractis
637 4086 700 4152 iam
720 4085 761 4151 ud
793 4085 855 4152 alia
886 4085 966 4152 artis
996 4084 1141 4168 poeticae
1171 4103 1290 4167 genera

226 4201 434 4264 transeamus.

307 4306 355 4372 De
367 4306 501 4389 elegia
512 4324 575 4371 non
585 4267 717 4374 multum
734 4311 793 4387 est,
808 4306 891 4389 qood
902 4305 1060 4374 dicamus:
1082 4305 1149 4372 eius
1164 4305 1290 4387 generis
