3268 4988
770 371 977 434 ..22-

343 558 521 642 cognitione
547 577 654 626 rerum
680 562 831 640 remotus,
858 565 896 626 ut
925 577 987 627 non
1015 557 1151 626 indicem
1171 563 1260 626 certe
1281 575 1320 624 ex
1340 555 1406 624 bib·

342 669 478 739 liotheea
507 676 667 753 sumptum
695 668 870 738 haneferro
896 670 929 736 in
956 669 1054 737 libros
1080 688 1154 737 euos
1175 668 1304 754 possim
1347 667 1407 746 Qui

342 780 462 847 inditas
482 800 544 849 non
565 780 669 847 omnia
695 780 860 848 literarum
881 798 1000 862 genera
1026 781 1188 863 complexa
1210 797 1280 848 asso
1300 778 1407 846 viden-

344 897 408 971 tur,
439 890 496 958 sed
526 892 741 974 unusquisque
758 889 867 958 index
898 890 1142 974 uniuscuiusque
1162 888 1290 973 generis
1309 888 1407 971 aerio

343 1008 448 1069 torum
468 1002 635 1085 principes.
680 1001 748 1080 Qua
774 1001 814 1068 de
841 1021 878 1068 re
898 1002 925 1069 si
945 1002 1016 1086 quis
1037 1001 1239 1083 dubitaverit
1265 1000 1298 1066 id
1319 1004 1407 1066 certe

343 1114 374 1179 in
398 1113 566 1195 propatulo
587 1119 637 1180 eet
658 1111 818 1179 Ciceronis
839 1119 934 1196 atque
956 1112 1036 1180 adeo
1056 1111 1186 1195 Dionysi
1208 1109 1406 1178 Halicarnas-

342 1223 442 1289 sensie
462 1230 570 1290 aetate
592 1222 743 1290 eiusmodi
760 1220 884 1305 librum,
907 1241 978 1306 quo,
1004 1224 1057 1307 qui
1078 1221 1220 1290 omnibus
1241 1220 1407 1288 literarum

343 1332 510 1415 generibus
530 1332 703 1415 floruerint,
726 1333 858 1400 inveniri
882 1332 1053 1416 potuerint
1074 1351 1138 1400 non
1157 1332 1272 1414 iuieee;
1304 1349 1406 1414 neque

343 1444 426 1512 enim
454 1449 522 1510 tum
550 1449 714 1510 oratorum
737 1443 914 1510 Atticorum
944 1443 1020 1511 ordo
1049 1442 1118 1511 bnt
1159 1443 1280 1510 Brevee
1299 1446 1406 1508 autern

342 1552 472 1631 indices,
503 1554 557 1636 qui
588 1559 719 1636 praeter
750 1554 876 1621 nomina
907 1553 984 1620 nihil
1017 1553 1178 1635 exhibent,
1212 1551 1407 1636 temporibus

344 1664 442 1730 multo
462 1663 689 1746 posterioribus
701 1642 835 1730 'conflati
858 1682 928 1731 ease
950 1665 1108 1747 videntur,
1129 1682 1201 1731 oum
1222 1662 1339 1730 iudicia
1358 1663 1406 1728 in-

344 1773 504 1839 teriissent
525 1773 678 1857 multique
697 1773 817 1840 indices
843 1775 875 1840 in
897 1773 1016 1842 umbris
1042 1773 1302 1842 bibliothecarum
1323 1790 1406 1838 oom-

343 1883 528 1966 pilarentnr,
560 1884 672 1966 quibus
692 1885 747 1968 qui
768 1884 878 1953 traditi
899 1893 1000 1966 orant,
1033 1885 1156 1952 consuti
1189 1889 1224 1952 et
1244 1881 1406 1966 compilati

343 1999 427 2060 sunt.
461 1993 552 2073 Quod
571 2001 647 2061 ante
669 1995 805 2062 alterum
827 2015 856 2078 p.
873 1993 948 2062 Obr.
969 2015 1000 2062 n.
1021 1993 1323 2063 saaeulumifaetum
1343 2010 1406 2059 non

344 2121 414 2170 esse
435 2123 527 2170 nemo
549 2105 686 2187 negabit.
