3268 4988
783 355 1072 440 -er-'

357 586 438 652 quoe
460 569 499 634 de
520 567 580 635 hoe
598 586 635 634 re
657 565 877 648 disputaturus
898 571 977 646 erat,
1006 565 1218 633 oclemeeno
1244 565 1304 633 sibi
1330 585 1421 649 pree·

357 684 451 761 repta
472 677 596 745 videret
616 683 650 744 et
669 695 770 758 pauor
790 675 937 745 addendo
957 693 1027 743 esse
1048 682 1188 758 putaret,
1209 675 1421 760 quidmirum

357 788 385 856 si
407 807 468 856 non
488 787 624 858 multum
644 785 716 854 nori
735 785 811 854 inde
831 785 989 854 resultare
1011 784 1188 853 videbitur?

440 898 511 966 Non
532 897 608 965 licet
627 897 798 980 neglegere
811 895 995 979 Dionysium
1016 902 1050 962 et
1064 895 1291 976 Quintilianum
1312 895 1422 964 eodem

358 1008 450 1078 modo
472 1013 642 1091 utrumque
662 1005 777 1074 iudicis
799 1024 838 1073 ee
858 1005 898 1072 de
919 1023 1014 1072 ceusu
1034 1024 1219 1090 proponere,
1240 1011 1277 1074 ut
1297 1005 1346 1088 iis,
1368 1006 1421 1089 qui

361 1120 423 1186 orti
435 1117 556 1185 dicendi
565 1117 713 1184 sedeturi
721 1124 838 1197 essent,
847 1116 1120 1198 praestantissima
1130 1115 1423 1200 quoequeeremplo

358 1235 581 1314 proponerent.
622 1225 705 1292 Nem
725 1225 753 1292 si
772 1225 907 1308 legimus
928 1227 960 1291 in
988 1225 1128 1308 Dionysii
1157 1226 1303 1308 epitome,
1329 1220 1422 1293 ἐκτύ-

359 1359 475 1407 πωσαι
496 1338 533 1404 τὸ
555 1335 694 1421 σύμπαν
715 1337 792 1420 (419
813 1334 956 1419 Reiske)‚
977 1333 1117 1424 ζηλωτὸς
1132 1335 1171 1402 δὲ
1184 1340 1243 1402 eol
1253 1336 1424 1422 Πίνδαρος

360 1451 436 1533 (420
450 1449 512 1532 lt),
534 1446 715 1532 Σιμονίδου
735 1443 924 1532 παρατήρει
939 1444 997 1531 τὴν
1011 1440 1149 1533 ἐκλογὴν
1162 1439 1423 1531 verinopoleos,

360 1551 423 1644 ὅρα
445 1559 561 1625 δὲκαὶ
582 1562 797 1643 Στησίχορον,
813 1551 969 1622 Ἀλκαίου
989 1551 1108 1624 σκόπει
1129 1562 1188 1626 ets.
1210 1556 1264 1622 vix
1284 1554 1423 1623 dubitari

359 1670 486 1752 poterit,
508 1669 582 1751 quin
603 1667 772 1750 Dionysius
792 1665 862 1732 illos
882 1666 1053 1748 scriptores
1074 1667 1292 1748 nominaverit,
1322 1674 1359 1733 ut
1379 1664 1422 1731 sd

359 1759 468 1847 eorum
503 1779 711 1844 imitationem
746 1777 982 1858 cohortaretur,
1027 1777 1084 1860 qui
1117 1776 1195 1844 illud
1237 1776 1422 1859 opusculum

359 1890 474 1957 lecturi
496 1895 612 1956 essent.
657 1891 701 1954 Ae
723 1887 935 1967 Quintilianus
956 1887 1024 1970 ipse
1034 1887 1111 1953 dicit
1120 1889 1153 1954 in
1163 1887 1321 1970 prooemio
1331 1887 1424 1954 huius

359 2001 548 2083 scriptorum
559 1998 751 2065 Graecorum
762 1998 1035 2081 Romanorumque
1045 1997 1155 2064 indicis
1167 1999 1279 2080 (instit.
1290 2004 1370 2064 oret.
1383 1997 1425 2079 X,

365 2119 390 2192 1,
414 2111 484 2194 37);
505 2108 626 2194 „Credo
648 2113 818 2176 exoemros
838 2108 1016 2191 plerosque,
1037 2126 1108 2175 eum
1128 2113 1251 2174 tantum
1271 2125 1343 2174 esse
1363 2108 1424 2175 uti·

360 2221 460 2288 litatis
481 2221 513 2285 in
543 2215 675 2300 legendo
706 2215 888 2299 iudicemus,
924 2224 961 2284 ut
994 2217 1026 2284 id
1062 2236 1184 2302 quoque
1219 2213 1424 2302 adiungemus

360 2332 458 2414 operi,
479 2330 533 2413 qui
553 2328 618 2394 sint
644 2325 769 2410 legendi
797 2333 832 2393 et
855 2345 936 2410 quse
963 2327 995 2394 in
1024 2335 1154 2394 euctore
1181 2329 1304 2412 quoque
1331 2345 1424 2410 prae·

362 2443 453 2524 cipue
473 2439 605 2506 virtus.“
648 2437 787 2506 Maximo
807 2455 904 2519 opero
925 2438 1066 2520 proiecto
1087 2437 1263 2505 mirandum
1286 2443 1382 2517 esset
1397 2437 1424 2504 si

361 2551 417 2617 ille
449 2551 527 2616 artis
549 2549 707 2616 oratorios
728 2548 880 2629 magister
901 2547 968 2616 eius
987 2547 1124 2615 rhetoris
1146 2547 1260 2616 Graeci
1286 2547 1424 2615 celeber-

362 2661 434 2726 rimi
457 2659 599 2740 nominis,
621 2658 675 2741 qui
696 2657 781 2724 haud
803 2659 849 2722 ite
870 2658 962 2740 longo
980 2664 1056 2725 ente
1077 2658 1178 2742 ipsum
1199 2660 1302 2741 sputio
1314 2656 1424 2725 eedem

362 2773 394 2839 in
415 2771 494 2837 urbe
515 2769 646 2836 eandem
671 2776 775 2836 ortem
804 2767 965 2848 docuerat,
993 2769 1113 2852 scripta
1140 2787 1200 2836 non
1227 2768 1424 2854 inspexisset.

445 2880 594 2949 ceterum
617 2879 788 2948 tenendum
807 2888 857 2948 est
878 2880 1114 2960 Quintilianum,
1143 2898 1213 2945 oum
1240 2878 1425 2960 saepissime

363 2991 522 3059 Ciceronis
543 2989 647 3056 verbis
668 2998 779 3059 utetur
801 2991 938 3075 (nomine
964 3008 1025 3057 non
1052 3008 1177 3071 semper
1209 2988 1341 3072 addito),
1363 3007 1424 3054 non

361 3101 511 3185 potuisse,
531 3101 605 3184 quin
623 3099 673 3168 hio
692 3100 755 3168 illio
777 3101 961 3168 memoriter
983 3100 1153 3180 excitarem
1185 3117 1266 3183 quse
1287 3118 1357 3166 oum
1379 3098 1426 3164 ite

361 3211 435 3292 sint,
457 3211 584 3276 minime
605 3211 634 3276 ei
646 3211 721 3277 vitio
743 3217 1054 3292 verterepossumue,
1076 3209 1158 3293 quod
1169 3209 1229 3274 loci
1239 3228 1300 3276 non
1311 3208 1424 3288 desint,

362 3320 474 3406 quibus
495 3339 557 3388 non
579 3326 644 3387 tem
665 3327 813 3388 eccurste
836 3339 930 3403 quom
950 3338 1009 3403 per
1028 3325 1108 3401 eret,
1131 3318 1226 3385 verbs
1247 3317 1425 3397 Quintiliari

363 3431 440 3514 eius,
461 3449 554 3515 quem
581 3436 710 3498 secutus
739 3437 799 3510 est,
827 3431 1004 3512 exemplum
1032 3430 1211 3514 exprimere
1241 3427 1423 3507 rideantur3

363 3549 397 3609 et
418 3560 499 3625 quae
520 3539 560 3606 de
572 3539 721 3608 Cicerone
742 3540 889 3620 diximus,
911 3541 950 3606 de
977 3539 1046 3608 aliis
1072 3558 1195 3626 quoque
1221 3538 1426 3624 scriptoribus

363 3652 463 3733 magis
484 3650 626 3717 minusve
644 3649 707 3717 diei
727 3669 818 3734 posse
844 3655 1088 3717 consentaneum
1120 3659 1179 3716 est.
1223 3650 1292 3727 Quo
1323 3649 1355 3714 in
1387 3665 1424 3714 re

364 3762 456 3830 nimis
477 3779 609 3828 severus
629 3757 1425 3844 iudexessevideturu.Meister1);'cleussen·²)

362 3873 429 3955 ipse
451 3890 574 3955 quoque
596 3869 686 3937 dicit:
710 3872 893 3956 „Sententia
913 3890 994 3950 mee,
1016 3878 1054 3938 ut
1071 3869 1170 3938 semel
1195 3869 1307 3952 dicem,
1330 3868 1426 3949 Quin·

363 3983 491 4056 tilienus
512 4000 573 4047 non
595 3981 708 4063 omnio,
729 4000 811 4065 quae
832 3980 974 4064 eontulit,
995 3999 1093 4063 opere
1110 3981 1143 4046 in
1157 3980 1287 4064 singulis
1302 3979 1425 4048 iudiciis

436 4225 464 4294 1)
485 4223 670 4289 Quaestiones
690 4223 896 4289 Quintilisuene
917 4224 939 4279 l.
959 4224 1089 4294 Liegnitu
1111 4223 1187 4278 1860.

435 4323 462 4390 2)
483 4324 502 4379 l.
521 4324 540 4378 l.
562 4340 589 4394 p.
607 4323 661 4379 ete
679 4323 744 4381 adn.
