3268 4988
676 427 880 512 „pp-

242 616 316 684 sed
333 621 479 682 auctores
510 614 588 680 alios
619 614 652 679 in
676 614 818 682 ordinem
849 615 1042 698 redegerint,
1075 616 1152 685 alios
1184 618 1309 684 omnino

245 725 423 794 exemerint
453 723 615 792 numero.“
659 723 747 802 Quae
780 724 879 791 verba
912 726 1040 792 minime
1073 727 1236 808 pertinere
1268 727 1310 793 ad

245 855 413 919 puerorum
432 835 664 903 institutionem
679 834 755 900 nrihi
769 853 956 918 persuasum
977 843 1036 917 est,
1057 836 1114 903 sed
1137 837 1310 919 explicare,

245 945 396 1029 quomodo
417 951 545 1012 veteres
566 945 764 1028 grammatici
785 952 855 1012 arte
885 946 934 1011 usi
956 947 1037 1012 sint:
1066 946 1097 1011 id
1120 946 1201 1029 quod
1223 946 1310 1014 nulla

244 1075 280 1122 re
301 1054 402 1138 magis
433 1074 526 1139 quam
558 1055 739 1136 incorrupto
760 1054 925 1125 verborum
959 1063 1144 1124 contextum
1175 1058 1310 1138 legentis

242 1165 357 1233 iudicio
377 1165 608 1248 comprobatur.

326 1301 483 1383 Defuisse,
505 1301 618 1386 quihus
643 1319 743 1369 canon
769 1301 810 1367 ad
838 1301 961 1383 pulchri
981 1320 1123 1369 normam
1144 1302 1310 1370 institutus

244 1418 477 1496 proponeretur
509 1411 606 1478 etiam
633 1410 935 1496 Wilamowitzius1),
957 1417 1075 1493 censet,
1108 1431 1178 1478 cum
1210 1412 1309 1481 dicat:

245 1523 325 1608 ,Dio
357 1521 465 1588 antike
487 1520 669 1603 Philologie,
687 1574 693 1588 .
711 1570 743 1588 ..
766 1539 831 1587 war
862 1521 923 1586 viel
951 1541 990 1587 zu
1019 1522 1309 1604 wissenschaltlich,

244 1651 297 1699 um
319 1630 372 1698 die
392 1630 571 1714 Principicn
592 1630 825 1698 aesthetischer
839 1631 1132 1698 Feinsehmeclrerei
1151 1650 1192 1698 zu
1213 1631 1310 1698 heiol-

244 1743 333 1826 gen.‘⁴
377 1740 499 1808 Deinde
530 1743 652 1824 pergit:
689 1741 761 1826 ,Sic
791 1740 958 1808 saurmelte
985 1740 1037 1808 die
1063 1742 1218 1824 lyrischen
1247 1743 1310 1808 Ge·

243 1852 359 1934 dichte,
391 1850 442 1918 die
469 1851 614 1918 sich'aus
636 1850 695 1917 der
716 1850 910 1918 klassischeu
933 1851 1003 1917 Zeit
1023 1851 1165 1918 erhalten
1186 1852 1309 1932 hatten,

245 1960 1310 2030 AMmemmMmmm

244 2074 292 2140 als
313 2071 505 2140 vereinzelte
526 2071 721 2149 Stilclrchen;
758 2071 831 2138 dass
867 2071 1013 2137 niemand
1048 2072 1089 2136 irn
1115 2070 1227 2138 stende
1255 2071 1308 2152 ist,

245 2183 335 2250 einen
353 2182 488 2250 zehnteu
509 2200 550 2248 zu
571 2199 705 2262 nennen,
726 2180 771 2246 ist
792 2180 913 2247 Beweis
933 2180 1068 2264 genug.“
1103 2181 1171 2248 Hoc
1190 2179 1309 2248 refellit

242 2293 380 2376 Blass2),
413 2310 482 2358 cunr
512 2291 612 2359 dicate
646 2290 727 2375 ,Sed
757 2309 826 2357 cur¹
841 2289 1078 2373 Melanippides,
1109 2290 1308 2372 Philoxenus,

243 2403 444 2483 Timotheus,
458 2402 512 2470 alii
532 2400 803 2484 dithyramhorum
832 2405 866 2467 et
894 2419 1055 2468 nemorum
1078 2407 1225 2468 auctores
1246 2420 1308 2468 non

243 2520 319 2584 sunt
332 2513 464 2595 recepti,
486 2529 618 2595 quorum
639 2530 736 2594 opera
757 2510 858 2577 multa
880 2529 980 2594 usque
1001 2511 1041 2576 ad
1059 2508 1308 2578 Alexandrinum

244 2643 356 2692 aevum
388 2623 520 2690 durasse
554 2621 763 2690 certissimum
796 2623 869 2688 est?
921 2621 1042 2703 Nempe
1073 2621 1096 2686 ii
1129 2621 1308 2688 criticorum

244 2735 357 2804 iudicio
378 2752 440 2801 non
460 2737 535 2800 sunt
557 2733 691 2815 probati,
720 2734 803 2799 sicut
824 2738 874 2801 est
898 2731 1051 2815 probatus
1071 2731 1307 2815 Bacchylidest.

324 2871 451 2956 Klippel
467 2870 493 2956 ³)
530 2871 666 2936 canones
702 2887 772 2936 esse
809 2869 985 2951 propositos
1019 2876 1144 2949 conset,
1184 2875 1221 2934 ut
1254 2887 1308 2950 op·

241 2983 319 3051 tima
340 2988 374 3048 et
395 2980 570 3048 imitatione
594 2979 777 3063 dignissima
799 2969 943 3062 quaeque
973 2978 1176 3062 eligerentur.
1221 2977 1307 3045 Idem

241 3094 377 3160 maximo
404 3110 501 3174 opere
529 3089 700 3157 tenendum
722 3107 792 3156 esse
820 3076 969 3155 iudicarit
987 3087 1143 3173 Ronkep,
1169 3107 1239 3154 cum
1262 3087 1308 3153 di-

241 3210 347 3270 ceret:
372 3200 548 3286 ,Volabant
569 3199 812 3284 (Aristophanes
834 3207 868 3265 et
888 3199 1104 3282 Aristarchus)
1125 3199 1194 3264 sine
1214 3196 1307 3264 dubio

242 3312 429 3396 optimorum
459 3311 648 3393 scriptorum
681 3317 715 3376 et
745 3301 914 3376 lectionem
948 3315 980 3374 et
1012 3309 1219 3374 imitationem
1253 3307 1307 3373 ad·

242 3423 351 3490 iuvare
369 3475 375 3490 .
391 3471 398 3485 .
415 3471 424 3490 .
441 3443 465 3502 .;
500 3421 585 3487 milia
618 3411 831 3504 exemplorum
864 3411 1003 3486 abunde
1022 3419 1135 3485 docent
1155 3417 1233 3484 nihil
1254 3436 1308 3484 eos

242 3539 404 3618 spectasse
438 3532 498 3599 nisi
530 3536 567 3599 ut
599 3532 733 3613 optimos
766 3519 1116 3612 praestantissimaeque
1138 3528 1308 3609 scriptores

243 3643 454 3724 nominarent,
483 3643 536 3725 qui
563 3639 706 3707 imitandi
732 3641 880 3723 dignique
913 3645 1029 3717 essent,
1058 3638 1170 3721 quibus
1201 3638 1308 3704 iuven·

242 3761 295 3822 tus
317 3753 527 3820 erudiretur.“
569 3751 657 3832 Quod
688 3750 717 3818 si
745 3749 845 3834 ipsius
876 3749 1093 3831 praestantiae
1122 3749 1154 3814 in
1186 3765 1308 3830 quoquo

318 3982 344 4048 1)
363 3978 561 4051 Bacchylides,
579 3978 677 4033 Berlin
696 3977 765 4032 1898
784 3995 811 4048 p.
830 3978 856 4032 9.

315 4080 344 4148 2)
362 4077 544 4151 Bacchylidis
565 4078 688 4132 carmina
706 4077 750 4133 ed.
768 4077 853 4131 Blass
874 4075 943 4129 1898
961 4091 987 4145 p.
1006 4074 1096 4132 XVII.

315 4178 344 4242 3)
363 4176 455 4234 Usbor
473 4177 525 4232 das
545 4177 686 4232 alexandr.
706 4176 839 4242 hluseum,
858 4174 985 4243 Gdtting.
1005 4173 1076 4228 1838
1093 4191 1119 4243 p.
1139 4172 1201 4228 317.

315 4277 345 4345 4)
364 4277 408 4333 De
426 4274 629 4346 Aristophanis
647 4275 708 4332 vita
726 4274 755 4328 in
774 4272 921 4343 Aristoph.
932 4271 1008 4328 Pluti
1028 4268 1308 4328 edit.Thiorsohiana

244 4393 269 4447 p.
291 4375 343 4430 108
353 4391 394 4446 sq.
1018 4411 1021 4416 «

1079 4470 1096 4523 2
