3268 4988
648 353 854 417 ..qq-

219 542 341 628 plures)
376 535 474 612 libros
502 540 542 606 de
578 541 726 620 Isocratis
758 540 926 624 dissipem
951 542 1183 625 conscripsisse.
1225 542 1287 622 Qui

219 651 293 720 libri
312 652 391 722 nihil
412 652 473 724 uisi
494 652 576 728 vitus
597 657 631 718 et
657 652 777 734 scripta
803 651 930 720 illorum
958 657 1121 722 eretemm
1146 654 1286 724 contiue-

221 761 299 830 bnnt
320 766 354 830 ot
374 761 522 830 videntur
542 761 684 844 excerpti
714 761 811 829 luisse
844 780 883 828 er
920 779 1044 845 magno,
1078 781 1174 847 quem
1194 761 1287 834 cent

219 872 349 944 mechus
377 875 608 956 composuerat,
637 872 781 954 catalogo
807 870 1017 942 bibliothecae
1043 871 1288 944 Alexandrinae.

220 982 307 1050 ldem
328 982 407 1062 lere,
426 981 510 1065 quod
532 981 672 1052 Braosku
683 980 724 1048 de
735 981 849 1050 studiis
858 981 1137 1066 grammaticorum
1147 984 1287 1053 Alexan·

222 1091 381 1161 drinomm
398 1093 432 1158 in
451 1091 630 1160 oratoribus
650 1091 811 1160 collocetis
833 1098 954 1174 censet,
975 1091 1103 1178 Bloss1)
1125 1094 1195 1177 ipse
1212 1111 1288 1179 quu-

219 1221 281 1286 que
312 1202 389 1270 dicit
420 1202 470 1268 his
504 1201 624 1269 verbisz
670 1201 738 1284 „Da
768 1201 819 1270 die
854 1200 1075 1285 despotischen
1110 1203 1192 1272 flate
1227 1219 1287 1274 uon

220 1310 415 1380 Alexandria
435 1310 500 1382 uud
522 1309 688 1378 Antiochia
708 1311 767 1378 der
795 1311 950 1380 Rhetorik
974 1312 1090 1382 keiuen
1116 1313 1207 1382 Plata
1234 1329 1287 1397 ge·

220 1423 380 1490 oannem
402 1473 412 1491 .
433 1470 441 1486 .
464 1475 471 1488 .
493 1427 527 1488 et
547 1421 663 1488 similia
682 1420 777 1490 affert
798 1421 1027 1506 Harneclrer2),
1061 1441 1132 1492 cum
1160 1424 1287 1494 demon·

220 1537 303 1600 stret
331 1551 374 1600 ex
406 1530 585 1598 hereditate
616 1533 733 1600 aetatis
768 1545 845 1602 vere
878 1533 1028 1602 classicae
1059 1533 1288 1618 philosophiam

219 1643 397 1725 suscepisse
418 1641 570 1722 Athenas,
591 1642 804 1724 eloquentiam
831 1643 1031 1725 Pergamum,
1058 1651 1162 1712 artem
1187 1645 1289 1728 poeti·

221 1769 292 1818 cam
315 1749 557 1820 Alexandream.
601 1751 751 1820 Ceterum
777 1751 896 1820 addere
922 1754 1013 1822 iuret
1042 1754 1140 1824 etiam
1167 1755 1289 1824 Usene-
1403 1776 1406 1782 ’

221 1863 327 1946 numi)
349 1861 459 1932 decadi
472 1868 634 1929 oratorum
653 1861 747 1930 aliam
764 1868 861 1946 atque
875 1863 1119 1932 Alexandrinam
1131 1864 1287 1948 uliginem

220 1972 361 2044 tribuere
382 1971 460 2054 (Otr.
481 1989 563 2056 quse
583 1971 722 2040 diximus
742 1990 773 2055 p.
798 1972 861 2055 14).

304 2082 424 2162 Quibus
446 2082 615 2166 disputatis
636 2083 793 2151 evinxisse
814 2083 891 2150 mihi
911 2083 1174 2154 videorlieriuon
1185 2103 1288 2168 poue,

221 2199 259 2264 ut
269 2194 495 2276 grammaticos
507 2193 733 2262 Alexandrinos
745 2211 896 2262 canonem
906 2193 1018 2262 decem
1027 2200 1190 2264 oratorum
1205 2205 1290 2262 com-

222 2305 368 2388 posuisse
397 2305 603 2387 euspicemur.
658 2304 733 2372 dem
760 2303 923 2372 suboritur
950 2303 1111 2388 quaestio,
1146 2305 1288 2389 quisnam

223 2415 316 2483 huius
336 2415 463 2482 canonis
482 2419 594 2482 auctor
614 2412 720 2482 luerit

306 2527 352 2591 Ac
373 2525 508 2608 primum
528 2522 655 2606 quidem
675 2525 863 2592 monendum
884 2524 1012 2594 uidetur
1039 2540 1191 2592 canonem
1219 2539 1289 2594 ora·

225 2641 328 2702 torum
339 2641 396 2701 aut
410 2632 450 2700 ab
470 2633 551 2703 artis
571 2634 914 2716 rhetoriceemagistro
935 2633 1070 2718 quodam
1089 2640 1290 2716 tetagram-

225 2746 338 2812 matico
358 2742 493 2827 quodam
505 2744 711 2827 compositum
733 2762 818 2826 esse;
839 2744 1110 2828 quaedecsscum
1122 2745 1288 2829 pervulga-

224 2856 345 2924 tissima
365 2853 471 2936 luerit,
500 2855 611 2921 statim
636 2853 677 2920 ab
703 2853 793 2922 initio
818 2855 886 2924 veri
913 2853 1046 2924 similim
1076 2873 1147 2922 esse
1176 2871 1290 2924 censeo

222 2965 386 3032 rhetorem
405 2964 562 3047 quendum
574 2963 712 3046 primum
720 2963 827 3046 luisse,
839 2965 893 3050 qui
904 2982 1054 3033 canonem
1069 2965 1288 3048 composuerit

221 3075 333 3158 Neque
355 3074 438 3141 enim
459 3073 552 3140 focile
574 3074 738 3157 quisquam
759 3075 955 3142 assentietur
975 3074 1208 3160 Kissslingioe),
1235 3076 1289 3158 qui

221 3185 301 3250 haec
322 3183 390 3250 lere
411 3189 535 3251 censet:
556 3181 708 3266 Magnum
728 3184 929 3252 intercedere
950 3184 1119 3254 discrimen
1136 3186 1221 3254 inter
1234 3204 1289 3252 eos

222 3299 366 3362 oratores
391 3297 533 3378 ‘quornm
559 3294 680 3376 scripte
706 3294 885 3364 scholarum
911 3295 1141 3364 rhetoricamm
1168 3311 1229 3364 usu
1255 3300 1289 3365 et

222 3403 421 3486 secutione,
444 3410 478 3472 et
498 3423 562 3485 eos,
586 3423 718 3488 quorum
739 3405 858 3487 scripta
871 3404 985 3472 studiis
999 3406 1287 3488 grammaticorum,

223 3513 307 3580 inter
329 3532 408 3597 quos
429 3513 634 3580 Alexandrini
655 3521 689 3583 et
709 3521 817 3582 aetate
839 3520 873 3582 et
887 3515 1031 3584 doctriua
1044 3515 1175 3584 fuerunt
1185 3515 1288 3600 primi,

218 3629 399 3712 propagata
420 3642 491 3691 esse
517 3623 684 3691 uidentur?
732 3624 889 3692 Rhetores
918 3625 1001 3692 enim
1028 3643 1171 3694 normam
1198 3623 1288 3709 qussi

222 3731 380 3818 quandam
413 3740 447 3801 et
468 3732 637 3816 delectum,
668 3732 708 3800 de
740 3753 801 3818 quo
832 3735 918 3800 inter
948 3753 1057 3804 omnes
1089 3735 1287 3818 eloquentiae

294 3887 323 3956 1)
343 3885 500 3943 Gesohlche
519 3889 568 3944 der
586 3888 780 3958 griechischen
807 3889 1020 3946 Beredsamlreit
1045 3905 1100 3950 ven
1126 3889 1288 3970 Alexander

221 3985 266 4043 bis
286 3983 438 4056 Augustus
458 3986 572 4058 ussup.
593 3988 635 4044 23.

293 4085 322 4154 2)
341 4083 523 4140 Fleckeiseus
541 4085 639 4143 Jahru
659 4085 719 4152 129,
740 4087 757 4142 6
776 4103 819 4156 sq.

295 4184 324 4253 3)
343 4184 362 4243 l.
384 4185 402 4242 l.
421 4185 573 4255 Epilogus;
591 4183 689 4242 Jahrb.
709 4186 736 4242 d.
754 4184 830 4242 arch.
848 4187 918 4242 lust
937 4186 986 4255 vi,
1005 4185 1048 4242 93.

294 4283 321 4352 4)
342 4283 385 4340 De
403 4283 545 4356 Hyperide
563 4286 675 4339 oratore
696 4279 795 4340 Attico
814 4284 836 4353 Ι,
856 4284 923 4340 1837
945 4301 972 4357 p.
992 4285 1044 4340 133
1064 4301 1104 4356 sq.
