3268 4988
616 319 821 382 -49..

187 527 282 574 cura
307 508 435 574 rhetore
462 496 666 592 potissimum
687 507 766 572 haec
798 506 909 573 horurn
941 513 1103 574 oraturum
1136 506 1250 573 electio

186 617 330 701 prolecta
352 635 422 684 esse
442 617 566 699 debeat,
587 617 695 684 videre
716 636 766 683 me
789 615 968 684 confiteor.“
1012 616 1075 684 Sed
1086 615 1199 700 quibus
1209 618 1251 682 de

188 729 290 795 causis
311 727 550 810 grammaticum
572 727 729 811 quendam
750 727 876 793 canonis
903 735 1065 794 auctorem
1093 728 1263 809 suspicor.

187 838 260 904 dum
283 857 353 905 esse
375 843 530 919 censeret,
553 856 614 904 non
635 836 726 903 dixit.
770 838 826 903 Cui
849 837 1022 920 opitulatus
1044 843 1094 904 est
1119 836 1251 917 Usener,

189 967 257 1016 curn
280 953 415 1031 negaret
434 947 597 1015 rhetorem
619 946 811 1014 Andocidem
840 954 875 1013 et
904 947 1095 1014 Dinarchum
1126 947 1253 1013 minime

192 1059 306 1140 dignos,
338 1059 449 1142 quiin
478 1059 605 1140 optimis
632 1065 905 1139 enumerarentur,
928 1058 1070 1140 recipere
1102 1057 1250 1140 potuisse.

190 1169 314 1251 Optimo
335 1169 404 1234 iure
427 1167 617 1236 adversatur
638 1169 829 1248 Susemihl¹l
850 1187 921 1235 cum
942 1167 1036 1234 dicite
1064 1166 1186 1250 „Wenn
1202 1167 1251 1233 ein

187 1279 308 1345 Rhetor
341 1278 409 1344 dies
440 1279 527 1345 nicht
558 1278 676 1345 konnte
710 1278 791 1361 (scil.
824 1279 965 1360 recipere
997 1276 1186 1344 Andocidem
1219 1282 1253 1342 et

188 1389 402 1469 dinarchum,
424 1407 459 1456 so
481 1389 599 1454 konnte
619 1409 655 1454 er
676 1389 743 1455 sich
764 1383 944 1455 auchnieht
956 1375 1057 1454 elnam
1070 1387 1253 1467 derarrigen

187 1517 247 1565 ron
269 1502 371 1565 einem
394 1499 473 1564 noch
494 1518 529 1566 so
557 1497 746 1565 berhhmten
775 1498 1010 1565 Grammatiker
1038 1496 1252 1563 entworlenen

188 1608 418 1689 unterordnen3
440 1608 522 1674 denn
545 1627 633 1674 wenn
656 1609 722 1674 sich
743 1609 799 1674 der
822 1609 943 1675 Rhetor
966 1607 1046 1674 auch
1058 1626 1098 1674 an
1111 1606 1162 1672 die
1174 1607 1251 1672 Ver*

188 1719 330 1784 arbeiten
352 1718 409 1784 des
437 1719 689 1785 Grammatikers
716 1719 968 1785 anzuschhessen
998 1719 1103 1801 hatte,
1116 1736 1162 1784 so
1188 1734 1253 1782 war

189 1846 224 1894 er
244 1827 324 1895 doch
345 1829 378 1893 in
396 1829 523 1895 solchen
545 1829 670 1912 Fragen
693 1828 878 1895 demselben
899 1829 1003 1895 sicher
1024 1827 1112 1895 nicht
1136 1824 1252 1909 gleich÷

188 1937 246 2004 wie
268 1938 369 2004 ainern
391 1938 606 2020 Gesetrgeber
625 1958 665 2004 zu
686 1938 880 2020 schuldigem
910 1938 1083 2006 Gehorsam
1118 1935 1252 2002 verbun-

189 2046 280 2113 den;“
323 2048 500 2126 Quae-cum
521 2049 567 2115 ita
588 2049 662 2128 sint,
690 2049 722 2114 in
750 2049 908 2116 sententia
935 2048 1059 2130 prolata
1086 2065 1252 2129 permane·

189 2175 275 2237 mus;
297 2157 414 2224 sedne
436 2176 516 2224 vana
536 2159 625 2240 sequi
646 2159 808 2226 videamus
830 2165 863 2224 et
879 2177 958 2224 rem
986 2157 1108 2224 ratione
1137 2176 1173 2223 ac
1202 2156 1253 2224 via

162 2284 166 2290 ·
190 2273 374 2348 tractemus,
397 2268 541 2350 quaestio
562 2267 716 2334 movenda
734 2275 793 2349 eet,
816 2267 868 2334 ubi
890 2275 1050 2335 oratorum
1073 2267 1167 2334 decas
1188 2267 1252 2348 pri·

190 2395 275 2443 mum
298 2378 473 2459 excitetur;
505 2380 567 2444 iem
594 2378 820 2459 investigemus
843 2383 911 2446 τοῦ
933 2380 1067 2467 πρῶτον
1099 2379 1250 2458 estred).

273 2490 317 2553 Ac
349 2488 484 2569 primurn
513 2488 638 2570 quidem
666 2489 794 2555 disertis
826 2488 931 2555 verbis
962 2507 1127 2555 canonem·
1143 2486 1252 2554 decem

190 2598 1251 2679 oratorumnuncupassediciturCaeciliusOalactinus3nam

192 2707 273 2790 apud
295 2707 422 2773 suidam
446 2707 504 2773 sub
526 2709 622 2774 verbo
645 2711 814 2784 Καικίλιος
841 2709 924 2774 hunc
952 2709 1112 2775 rhetorem
1139 2706 1252 2774 librum

192 2817 351 2900 scripsisse
382 2817 514 2898 legimus
541 2818 580 2882 de
611 2818 795 2885 charactere
830 2817 938 2884 decem
966 2823 1136 2898 oratorum,
1174 2821 1253 2904 περὶ

189 2937 250 2994 τοῦ
270 2935 476 3015 χαρακτῆρος
497 2935 563 2993 τῶν
589 2927 670 2994 δέκα
700 2925 853 3014 ῥητόρων.
896 2928 987 2995 Hunc
1020 2927 1092 2994 libri
1125 2927 1252 2994 titulum

189 3037 348 3104 artissime
360 3057 429 3104 curn
442 3056 560 3104 canone
572 3038 742 3104 cohaerere
757 3057 848 3105 nemo
861 3037 1006 3120 negabit3
1026 3037 1081 3104 sed
1095 3037 1217 3119 Hampe
1226 3036 1251 3121 8)

190 3153 224 3213 et
245 3147 471 3233 Ballheimer4)
495 3149 634 3214 excitent
656 3149 799 3215 Ammoni
820 3149 932 3227 locum,
959 3167 1021 3233 quo
1042 3167 1066 3214 s.
1089 3168 1117 3213 v.
1141 3146 1251 3233 oncri)

188 3257 247 3323 hoc
262 3257 392 3323 dicitur:
418 3257 602 3345 Δίδυμος
616 3255 653 3326 ἓν
667 3257 795 3350 δεκάτῳ
811 3255 991 3346 ῥητορικῶν
1005 3253 1253 3343 ὑπομνημάτων

190 3372 293 3454 anniv
315 3363 419 3446 οὕτως
441 3372 507 3435 κτλ.
557 3370 607 3434 Ex
635 3370 683 3435 his
710 3369 814 3436 verbis
841 3370 964 3451 Hampe
991 3368 1149 3435 concludit
1175 3367 1253 3432 haec

191 3473 417 3564 ὑπομνήματα
439 3478 522 3544 idem
544 3498 621 3561 opus
643 3498 712 3546 esse
734 3499 771 3546 ac
793 3479 1046 3562 disceptationes,
1056 3497 1136 3561 quas
1150 3495 1253 3558 grem-

191 3588 324 3655 maticus
345 3589 398 3653 ille
419 3589 649 3657 illustrissimus
671 3589 710 3656 de
732 3590 864 3672 singulis
887 3589 1074 3669 oratoribus,
1097 3588 1136 3654 de
1165 3588 1253 3656 Anti·

264 3744 292 3813 1)
310 3742 395 3800 Alex
415 3744 499 3800 Liter.
518 3745 553 3815 11,
573 3746 632 3800 616.
755 3815 756 3818 ¹

262 3843 291 3913 6)
310 3843 370 3899 Ηοο
389 3844 471 3899 modo
483 3843 554 3898 hanc
568 3844 760 3914 quaestionem
780 3843 884 3914 primus
906 3842 1040 3900 tractavit
1049 3841 1142 3908 Meter,
1153 3855 1252 3910 opusc.

189 3942 269 3997 acad.
290 3942 310 4008 1,
326 3941 378 3996 120
397 3957 437 4011 sq.
452 3958 492 4012 sq.

262 4041 291 4110 3)
310 4039 402 4096 Ueher
421 4041 474 4096 den
494 4054 590 4109 sogen.
608 4041 708 4096 Kanon
729 4041 755 4095 d.
781 4037 934 4094 Alexandr.
957 4035 1043 4092 derret
1068 4033 1136 4089 1811
1164 4051 1190 4104 p.
1211 4034 1253 4089 16.

261 4141 291 4208 4)
310 4141 329 4194 l.
349 4140 367 4194 1.
386 4157 412 4208 p.
432 4140 467 4194 33
485 4155 549 4196 aun.

264 4237 291 4307 5)
312 4237 441 4294 Ammon.
461 4239 494 4292 de
514 4237 572 4292 diff.
593 4232 677 4293 odfin.
698 4235 796 4291 vocab.
814 4233 858 4288 ad.
879 4229 1047 4294 Velienses,
1067 4245 1094 4296 p.
1112 4225 1155 4280 98.

1025 4327 1044 4382 4
